1752 3116
405 197 428 233 9
435 199 457 232 2
959 194 1196 231 EDITORIS

404 307 578 345 moriam
609 306 722 344 inter
753 304 945 344 homines
968 299 1194 341 extinctain
1238 315 1311 340 sua
1332 302 1414 340 iam
1447 309 1584 340 aetate
1615 307 1752 339 teste-

403 372 475 401 tur
494 364 569 411 (¹);
600 362 793 416 sequitur
828 371 875 397 ut
897 360 1001 398 hanc
1023 358 1244 397 historiam
1277 372 1353 397 seu
1377 358 1510 396 latine
1542 371 1614 395 seu
1636 366 1748 395 certe

403 432 550 475 graece
589 419 758 457 omnino
795 426 890 455 ante
933 415 977 453 id
1015 424 1180 470 tempus
1228 414 1508 468 conscriptam
1537 423 1752 469 putemus.

403 476 501 515 Etsi
532 485 672 513 autem
703 488 723 510 e
756 472 922 511 duobus
948 470 1241 528 *argumenti-5,
1289 484 1396 525 quae
1420 469 1538 519 dixi,
1567 478 1752 508 tantum-

402 530 528 572 modo
561 545 736 587 arguas,
766 530 869 568 hanc
894 528 1117 567 historiam
1152 527 1295 566 saltem
1327 526 1556 581 primitu5‚
1595 539 1747 579 nempe

404 601 574 644 graece,
607 596 703 641 post
726 585 831 624 illud
855 585 1064 623 saeculum
1085 600 1170 623 non
1205 597 1296 621 esse
1319 580 1571 630 confectam3
1603 592 1749 620 tamen

404 644 562 682 omissa
583 643 722 700 graeci
759 641 1006 696 exemplaris
1027 641 1142 695 quod
1176 639 1309 696 periit
1336 639 1582 687 mentione,
1613 638 1752 691 siquis

404 701 652 754 interpretis
673 698 774 736 Iulii
798 698 959 738 Valerii
982 698 1125 736 stilum
1150 708 1192 736 et
1218 697 1339 750 quasi
1361 694 1536 735 formam
1560 693 1752 733 conside-

403 756 531 804 rabit,
563 757 600 794 is
621 757 733 797 hunc
756 756 882 793 etiam
903 754 1082 793 latinum
1110 752 1329 795 auctoiem·
1345 753 1459 791 intra
1479 752 1656 790 tertium
1681 759 1752 788 aut

403 823 598 866 qxzartum
643 812 862 852 christiani
905 810 995 849 aevi
1030 811 1240 850 saeculum
1281 821 1457 864 prorsus
1491 805 1749 847 continebit.

401 868 616 907 Vocahula
639 869 752 906 enim
773 877 816 905 et
839 868 1025 906 elocutio
1048 877 1090 905 et
1109 877 1200 906 tota
1223 866 1371 921 scripti
1394 874 1544 903 natura
1579 862 1752 917 (siquid

401 940 530 964 sensu
555 924 750 964 callemus
783 934 825 962 et
853 926 984 978 aure)
1017 923 1128 963 illam
1151 924 1303 977 utique
1335 931 1514 961 aetatem
1543 920 1752 960 clamitare

402 982 605 1021 videntur
626 983 692 1019 (ί).

484 1038 544 1077 ΙΙ.
580 1036 834 1076 Confirmata
871 1037 1019 1091 scripti
1060 1037 1319 1091 antiquitate
1354 1037 1494 1090 (quae
1525 1034 1592 1074 vel
1621 1033 1752 1088 prima

471 1109 488 1132 s
524 1095 570 1133 in
596 1094 664 1132 his
690 1093 818 1132 rebus
849 1092 1060 1147 habetur)
1095 1094 1175 1131 iam
1202 1095 1335 1148 ipsam
1362 1092 1466 1131 Iulii
1488 1091 1652 1131 Valerii
1686 1089 1752 1128 hi-

401 1153 598 1190 storicam
639 1149 883 1189 facultatem
933 1149 1127 1188 bressiter
1168 1148 1498 1188 consideremus.
1570 1147 1752 1185 Primum

210 1074 383 1109 Eiusdem
399 1095 454 1134 lm

243 1132 249 1139 .
331 1132 338 1140 .
455 1111 467 1133 l

215 1134 383 1173 historiae

214 1189 368 1251 elocutio
404 1207 576 1262 quidem
615 1206 744 1243 huius
778 1205 983 1243 historiae
1020 1205 1206 1244 elocutio
1241 1205 1343 1244 satis
1385 1205 1492 1243 mihi
1524 1202 1752 1243 abhorrere

216 1256 305 1290 quae
324 1252 381 1281 εΗ·
398 1263 570 1302 videtur
598 1261 670 1299 ahs
699 1274 856 1318 genere
880 1261 1115 1298 Itinerarii.
1172 1261 1223 1299 Id
1248 1270 1387 1299 autem
1420 1275 1522 1299 num
1552 1259 1606 1298 oh
1634 1260 1752 1315 inge-

398 1321 517 1358 nium
550 1318 710 1357 diversi
749 1318 932 1357 auctoris
977 1317 1196 1374 contingat
1243 1318 1436 1372 (quippe
1474 1331 1553 1374 ego
1592 1315 1751 1355 Iulium

399 1376 616 1417 ”Valerium
637 1374 855 1412 Itinerarii
879 1383 1096 1429 parentem
1126 1388 1217 1412 esse
1240 1388 1328 1412 non
1351 1373 1473 1412 rebar
1493 1373 1577 1427 (5))
1610 1381 1662 1410 an
1687 1373 1752 1409 in-

398 1431 720 1487 terpretationis
743 1432 920 1479 natm-21,
960 1444 1012 1467 an
1042 1429 1123 1467 alia
1153 1431 1304 1484 quavis
1340 1430 1390 1469 de
1417 1444 1537 1470 causa
1565 1428 1752 1468 nondum

394 1489 584 1544 explico,
637 1488 743 1525 Sane
766 1486 904 1525 Iulius
931 1486 1123 1525 Valerius
1157 1486 1276 1525 valde
1312 1501 1356 1525 se
1388 1501 1411 1525 a
1445 1484 1752 1526 consuetudine

397 1543 637 1600 compendii
675 1542 907 1592 abstrahit,
962 1552 1168 1595 sonatque
1204 1544 1459 1583 contrarium
1491 1542 1750 1581 Itinerario:

395 1606 489 1641 'tum
518 1601 619 1640 Iulii
645 1601 802 1639 Valerii
836 1599 886 1637 nd
918 1598 1022 1638 illud
1057 1598 1203 1637 collata
1233 1600 1358 1657 longe
1388 1599 1593 1639 fluentior
1627 1611 1752 1654 quae-

396 1659 490 1698 dam
509 1657 864 1714 'splendidiorque
888 1654 953 1694 dic
1011 1653 1053 1692 di
1079 1656 1200 1710 copia
1229 1666 1320 1705 est,
1358 1657 1580 1712 multoque
1599 1666 1752 1695 rotun-

401 1716 498 1755 dius
521 1725 565 1753 et
575 1713 841 1755 mollioribus
863 1728 963 1751 num
1013 1726 1049 1750 ls
1068 1712 1294 1766 explentur
1308 1714 1562 1753 sententiae.
1597 1713 1752 1767 Quam-

395 1787 520 1828 quam
547 1775 692 1826 reapse
718 1773 763 1809 in
782 1770 1011 1808 Itinerario
1034 1769 1159 1823 plena
1193 1780 1258 1808 est
1289 1770 1419 1808 animi
1441 1784 1487 1809 ac
1521 1769 1683 1828 vigoris
1709 1779 1752 1807 et

397 1829 572 1868 incitata
604 1837 646 1866 et
680 1826 853 1867 vibrans
889 1828 1051 1874 oratio,
1093 1836 1133 1863 at
1159 1824 1262 1865 Iulii
1285 1826 1443 1866 Valerii
1482 1827 1752 1866 humaniores

395 1899 537 1924 musae
564 1883 778 1923 interdum
800 1883 1064 1922 flaccescunt.
1117 1882 1204 1920 Iam
1230 1897 1358 1937 quum
1383 1883 1466 1922 duo
1489 1875 1576 1922 sini
1599 1897 1752 1940 genera

393 1942 622 1981 historiae:
660 1956 788 1979 unum
813 1938 928 1994 quod
952 1940 1160 1994 particeps
1187 1950 1253 1979 est
1280 1940 1399 1988 artis,
1429 1941 1607 1979 alterum
1636 1939 1752 1994 quod

391 2008 482 2038 arte
513 2008 652 2046 caret3
687 2007 751 2035 est
787 2011 851 2035 ars
879 1996 1049 2051 quidem
1075 1996 1120 2036 in
1145 1996 1407 2052 Aesopo'vel
1439 1996 1553 2036 Iulio
1577 1996 1748 2036 Valerio

451 2171 512 2216 (1)
542 2173 687 2206 Locum*
709 2170 961 2217 Chrysostomi
985 2171 1116 2205 videsis
1143 2171 1293 2206 inferius
1315 2172 1361 2205 ad
1380 2171 1444 2207 lib.
1459 2173 1528 2206 111.
1555 2184 1632 2218 cap.
1647 2181 1747 2206 xen-

386 2238 427 2263 1n
448 2237 549 2264 nota.

448 2281 511 2333 (2)
544 2284 680 2318 Iulium
712 2296 796 2318 sane
822 2284 1012 2318 Valerium
1046 2292 1126 2318 ante
1163 2284 1255 2318 hauc
1288 2292 1444 2319 aetatem
1477 2285 1642 2319 floruisse
1674 2297 1748 2319 non

391 2341 555 2376 arbitror.
604 2342 655 2375 At
682 2341 865 2388 Aesopum
887 2343 1001 2375 multo
1026 2341 1185 2376 fortasse.
1202 2342 1445 2388 antiquiorem
1470 2342 1552 2388 quis
1577 2342 1656 2375 iure
1679 2354 1745 2376 ne-

391 2406 451 2443 get
470 2397 487 2430 ‘3
527 2397 736 2443 praesertim
758 2398 788 2432 si
809 2399 948 2432 nullum
980 2398 1182 2431 remotioris
1210 2398 1439 2445 antiquitatis
1470 2410 1540 2431 non
1565 2407 1614 2431 est
1647 2398 1748 2432 indi-

390 2455 486 2488 cium
520 2454 616 2501 quod
651 2467 714 2489 nos
747 2467 791 2489 ex
823 2455 906 2488 libri
931 2456 997 2489 111.
1029 2454 1145 2500 capite
1172 2465 1384 2490 Lxxxvnn
1411 2455 1656 2504 proferimus:
1687 2455 1746 2490 cui

390 2519 508 2545 tamen
539 2511 672 2545 iudicio
704 2523 828 2557 parum
855 2511 1039 2545 fidendum
1067 2511 1327 2547 existimamus.

449 2567 506 2613 (ὅ)
537 2567 719 2601 Praefatio
746 2568 795 2602 ad
827 2568 988 2603 Itinerar.
1021 2579 1098 2614 cap.
1130 2579 1185 2603 vr.
