1752 3116
297 168 376 206 108
680 163 1037 206 ALEXANDRI
1069 165 1254 206 ORTVS

293 280 425 325 iusce
445 279 657 324 muneris
678 276 805 325 facio
827 278 903 322 (¹):
940 275 1096 323 habeo
1127 278 1308 341 quippe
1344 296 1491 342 equos
1520 295 1640 340 quos

294 374 457 409 exacta
478 363 631 408 tutela
652 361 833 409 recenti
851 359 911 405 ad
937 360 1053 405 haec
1075 360 1199 406 mihi
1222 360 1483 408 studiosius
1505 378 1639 424 prae-

293 446 472 508 paravi.
516 448 648 491 Haec
671 461 866 507 quoque
895 441 1134 505 professio
1164 444 1450 506 Philippum
1479 445 1640 497 iuvat,

293 528 646 590 laudatumque
675 528 825 575 studii
860 527 1019 572 filium
1050 526 1195 572 facile
1222 528 1489 589 permittit,
1526 543 1639 572 cum

292 612 515 676 primum
547 612 625 656 illi
648 611 700 644 (α)
737 612 910 658 deduci
935 612 995 657 ad
1018 611 1211 676 navigia
1231 626 1399 656 currus
1430 622 1478 655 et
1509 625 1643 654 arma

291 695 506 741 iussisset
526 693 593 746 (²).
659 696 814 761 Igitur
843 711 1032 742 escensa
1057 689 1103 727 (ὃ)
1138 693 1255 739 navi
1287 693 1643 753 comitatusque

338 904 392 936 (a)
416 902 498 932 cod.
519 898 597 934 sibi.
628 902 753 939 (Quod
774 907 812 932 et
834 908 924 933 stare
947 908 1080 941 potent,
1105 902 1164 933 hic
1187 907 1224 933 et
1245 901 1365 936 alibi.)
1413 897 1459 935 (b)
1479 899 1564 930 Cod·
1589 908 1646 931 ex-

292 961 424 982 scen-{a-

294 1129 392 1164 Tum
416 1138 452 1161 et
483 1129 602 1173 ipsum
621 1127 835 1173 Philippum
861 1129 969 1162 variis
1001 1129 1150 1163 obiectis
1173 1129 1471 1163 terriculamentis
1496 1128 1540 1161 ad
1561 1139 1640 1161 eam

294 1185 500 1230 opinionem
523 1185 669 1229 impulit
698 1196 768 1229 qua
790 1184 1037 1227 existimaret,
1068 1187 1163 1220 Iovis
1187 1186 1401 1220 Hammonis
1426 1186 1560 1219 virtute
1577 1197 1641 1230 ge-

294 1241 411 1274 nitum
436 1240 506 1273 sibi
529 1252 682 1285 puerum
711 1241 754 1272 ab
782 1252 896 1274 uxore
913 1242 1143 1287 Olympiade.
1199 1243 1293 1277 Nato
1328 1242 1439 1287 igitur
1471 1254 1543 1274 non
1564 1241 1641 1274 sine

295 1298 445 1331 ostentis
471 1297 681 1330 caelestibus
707 1296 934 1339 Alexandro,
983 1310 1139 1346 moxque
1162 1298 1288 1344 primis
1319 1298 1490 1332 doctrinis
1514 1310 1533 1331 a
1560 1298 1637 1343 plu-

295 1354 394 1387 rimis
428 1353 644 1400 paedagogis
668 1354 830 1395 erudito,
872 1366 983 1400 quum
1001 1356 1228 1390 Nectanabus
1258 1356 1376 1388 stellas
1401 1367 1514 1400 puero
1536 1363 1640 1388 nocte

295 1411 450 1457 quadam
476 1423 600 1443 serena
630 1418 864 1451 monstraret,
907 1411 950 1444 ab
975 1423 1015 1444 eo
1042 1412 1160 1445 subito
1184 1412 1229 1445 de
1250 1424 1339 1457 rupe
1365 1412 1520 1446 deiectus
1546 1411 1640 1443 inte-

296 1467 368 1500 riit.
412 1467 570 1500 Moriens
609 1475 731 1500 tamen
760 1478 796 1499 se
819 1467 1027 1501 Alexandro
1061 1477 1198 1514 patrem
1222 1469 1404 1502 confessus
1433 1476 1505 1510 est,
1536 1467 1640 1500 ideo-

297 1536 366 1570 que
398 1531 433 1556 et
469 1523 658 1568 magnifico
687 1524 805 1556 loculo
841 1525 1050 1557 tumulatus.
1099 1527 1195 1559 Tum
1227 1526 1270 1559 de
1303 1524 1409 1572 regni
1438 1536 1638 1559 successore

295 1580 498 1613 consulenti
528 1579 678 1626 Delphis
703 1580 872 1626 Philippo
903 1592 1115 1626 responsum
1139 1590 1213 1624 est,
1253 1582 1287 1616 ei
1315 1594 1335 1615 a
1363 1594 1436 1629 quo
1455 1581 1638 1615 insiliente

294 1637 517 1682 Bucephalus
547 1649 658 1682 equus
683 1649 747 1682 per
768 1637 925 1670 mediam
942 1639 1081 1672 Pellam
1102 1648 1197 1673 actus
1224 1638 1356 1681 fuerit,
1387 1639 1480 1672 orbis
1503 1639 1640 1684 princi-

293 1702 420 1740 patum
440 1693 514 1727 fata
540 1694 742 1729 decernere.
782 1695 872 1728 Mox
896 1695 1099 1729 Alexander
1125 1696 1163 1730 in
1187 1695 1391 1731 Aristotelis
1413 1695 1639 1740 disciplinam

293 1750 492 1785 concessit:
536 1758 571 1784 et
591 1751 836 1796 Bucephalum
861 1763 991 1797 equum
1017 1753 1238 1787 saevitudine
1265 1753 1445 1799 insignem
1479 1753 1546 1785 sibi
1576 1753 1639 1786 uni

294 1815 420 1852 sponte
442 1815 668 1840 mansuetum
691 1807 812 1840 media
834 1809 921 1841 urbe
949 1809 1032 1853 egit.
1092 1810 1185 1844 Hinc
1207 1822 1318 1843 annos
1343 1810 1415 1843 iam
1438 1819 1508 1845 xv.
1533 1818 1638 1843 natus

293 1872 333 1898 ut
363 1863 400 1896 in
431 1864 662 1898 sollemnibus
687 1864 835 1898 Graeciae
861 1865 956 1898 ludis
983 1867 1175 1913 quadrigas
1208 1868 1344 1914 agitare
1374 1866 1444 1900 sibi
1466 1866 1590 1900 liceret
1614 1879 1634 1899 a

291 1920 462 1966 Philippo
483 1921 692 1966 impetravit
715 1922 883 1967 Elimque
905 1922 1013 1955 venit.

377 1978 490 2011 Porro
517 1977 786 2023 qualiscumque
815 1987 867 2010 est
888 1979 1083 2013 Nectanabi
1105 1979 1245 2022 fabula,
1278 1993 1318 2014 ea
1342 1980 1490 2028 quidem
1512 1992 1636 2013 narra-

292 2041 351 2066 tur
382 2045 457 2067 non
489 2034 606 2067 solum
635 2047 654 2067 a
678 2035 721 2067 Ἰ·
743 2035 890 2068 Valerio
916 2044 950 2068 et
972 2036 1109 2070 duobus
1137 2037 1318 2071 codicibus
1346 2037 1579 2071 ambrosianis
1603 2045 1637 2069 et

291 2102 313 2124 a
340 2090 763 2132 Pseudo-Callisthene,
805 2103 929 2127 verum
959 2093 1067 2128 etiam
1101 2106 1121 2126 a
1151 2095 1344 2138 Syncello‚
1383 2095 1538 2136 Malala,
1571 2095 1639 2128 Ce-

292 2146 403 2180 dreno
433 2156 468 2180 et
491 2147 621 2190 Glyca.

379 2202 437 2248 (1)
468 2204 650 2238 Nimirum
676 2204 862 2250 Philippus
888 2218 996 2254 equos
1017 2206 1224 2241 Alexandro
1249 2214 1467 2253 praestantes
1489 2218 1526 2240 se
1546 2219 1639 2252 prae-

290 2260 450 2295 biturum
471 2261 686 2306 spondebat,
715 2270 755 2294 ut
780 2262 912 2308 legitur
943 2264 980 2298 in
1004 2277 1130 2310 graeco
1162 2264 1312 2299 codice:
1340 2263 1440 2312 Ἐγὼ
1465 2268 1522 2301 νῦν
1542 2265 1640 2313 προΐ-

288 2325 396 2366 σομαί
415 2335 466 2355 σοι
487 2319 607 2360 ἵππους
627 2317 811 2360 ἐκλεκτούς

377 2371 439 2423 (2)
471 2375 620 2409 Latinus
643 2377 735 2409 alius
753 2377 865 2410 codex
886 2376 1014 2410 habet:
1049 2375 1266 2411 Alexander
1289 2380 1444 2425 quintum
1466 2377 1639 2411 decimum

292 2444 403 2478 agens
426 2445 556 2465 annum
577 2434 681 2478 petiit
710 2442 747 2466 ut
770 2433 839 2467 sibi
869 2433 970 2466 Pisas
993 2431 1101 2482 (cod.
1121 2431 1249 2482 Pilas)
1281 2436 1380 2468 adire
1405 2434 1527 2468 liceret
1545 2448 1635 2481 gra-

291 2490 342 2521 tia
375 2489 569 2535 quadrigas
601 2489 792 2526 tractandi,
848 2490 1033 2535 Philippus
1065 2504 1198 2539 quoque
1231 2505 1336 2540 equos
1367 2491 1425 2525 illi
1452 2501 1488 2526 ec
1517 2502 1635 2526 celera

290 2546 407 2578 itineri
436 2547 633 2579 necessaria
661 2549 877 2594 praeparari
908 2548 1018 2583 iussit.
