1752 3116
532 133 636 172 SEV
663 132 838 173 LIBER
866 132 942 172 ΠΙ.
1331 136 1412 172 225

67 246 233 300 „enim
266 246 441 291 litteris
477 246 616 298 Pori,
654 258 876 292 revocate
921 246 1058 290 illam
1106 262 1299 308 quoque
1332 247 1413 292 lit-

67 341 308 383 „terarum
344 328 482 374 Darii
516 329 829 382 memoriani,
877 328 1134 390 videteque
1170 346 1294 376 num
1340 345 1411 373 ar-

0 453 1 459 ,
66 412 314 475 „rogantia
341 409 535 472 dispar?
565 429 683 456 num
706 412 959 457 dissimilia
975 409 1172 471 verba?
1195 410 1338 455 Haud
1355 411 1409 444 (a)

65 495 160 548 „sit
194 494 441 540 dissimilis
475 493 799 554 inprudentia.
820 494 972 539 Sicuti
995 497 1127 540 enim
1149 493 1278 539 ferae
1290 494 1410 538 istae

65 575 375 638 „bestiaeque
411 592 531 637 quae
567 575 696 638 apud
729 576 858 637 ipsos
893 589 1002 622 sunt
1023 576 1277 636 plurimae,
1303 592 1409 637 par—

65 659 147 712 „di
183 658 412 704 videlicet
456 671 504 703 et
548 660 711 704 leones
760 659 1122 721 elephantique‚
1166 660 1271 705 solo
1318 661 1408 706 illo

65 755 296 795 „naturae
329 759 444 788 suae
487 742 604 787 freti
629 739 673 773 (b)
707 745 877 803 inpetu
913 754 961 787 et
980 744 1026 775 (⁶)
1063 743 1278 805 corporis
1315 744 1410 787 ala-

63 827 287 879 „tu-itate,
326 826 469 871 facile
505 826 764 871 hominum
799 826 1031 887 sapientia
1067 825 1382 889 subiugantur
1395 842 1410 878 ;

64 907 215 961 „item
250 908 393 952 hosce
435 907 664 954 barbaros
710 909 984 972 intelligitis
1032 907 1201 954 fiducia
1247 908 1417 953 multi-

63 989 276 1044 „tudinis
313 989 487 1044 fretos,
524 992 658 1036 nulla
700 1003 866 1036 tamen
913 991 1156 1053 praeditos
1208 992 1416 1052 impera-

63 1074 220 1127 „toria
256 1089 484 1137 graecave
512 1073 746 1135 sapientia
777 1074 1009 1135 perfacile
1043 1091 1161 1120 mox
1182 1076 1233 1118 in
1273 1074 1415 1119 ditio-

63 1173 209 1211 „nem
242 1167 457 1201 nostram
497 1174 597 1202 esse
630 1168 885 1202 venturos:
925 1169 1069 1218 atque
1099 1157 1274 1202 itidem
1305 1175 1416 1218 pru-

63 1239 256 1294 „dentia
294 1249 458 1283 nostra
495 1239 554 1284 ad
588 1238 996 1300 pernicionemffl)
1031 1240 1103 1285 sui
1138 1241 1211 1285 uti
1246 1258 1407 1302 posse,

64 1334 149 1376 „ut
183 1323 234 1366 in
270 1321 393 1366 feras
431 1333 500 1366 est
532 1320 688 1367 facilis
724 1322 1007 1367 hominibus
1044 1321 1289 1371 effectus«.

166 1409 269 1450 Vll.
315 1408 371 1449 In
417 1406 545 1450 hunc
588 1405 690 1449 fere
740 1404 946 1450 modum
989 1406 1259 1452 Alexander
1302 1424 1413 1453 cum
1446 1411 1648 1450 Alexandri

64 1506 176 1535 suos
213 1489 494 1534 adhortatus
532 1500 672 1540 esset,
720 1489 824 1549 ipse
859 1504 1051 1549 quoque
1094 1489 1208 1533 Pori
1240 1490 1414 1537 litteris
1431 1471 1572 1563 ἓΐξζζ
1602 1473 1647 1506 ad

66 1588 384 1634 responsurus
419 1572 471 1615 in
508 1572 632 1615 hanc
657 1571 949 1616 sententiam
964 1569 1149 1617 scribit„
1186 1575 1416 1625 »Terreri
1569 1555 1577 1564 .

67 1672 186 1709 >‚nos
221 1666 418 1715 putans,
469 1659 617 1707 Pore,
664 1654 840 1699 litteris
889 1654 1008 1707 tuis,
1057 1671 1289 1718 magnum
1337 1656 1418 1702 ad-

67 1739 303 1793 „modum
341 1738 601 1783 consilium
638 1737 940 1781 incentivum
976 1739 1278 1797 praestitisti,
1321 1757 1417 1800 quo

66 1821 237 1876 „nobis
293 1821 344 1864 in
391 1836 478 1866 vos
523 1819 813 1880 dispositum
857 1829 927 1862 est
980 1819 1204 1866 militare.
1285 1824 1421 1868 Dicis

69 1935 89 1959 »
103 1906 260 1956 enim,
298 1904 425 1947 nihil
461 1902 703 1947 eiusmodi
737 1899 919 1946 habere
953 1904 1153 1948 Graecos
1191 1905 1321 1964 quod
1357 1905 1421 1950 sit

70 1988 308 2051 „dignum
344 1987 404 2031 ad
436 1985 738 2048 opulentiam
774 1995 1006 2029 vestram:
1044 2001 1129 2030 vos
1150 2002 1264 2031 vero
1293 1987 1422 2033 hisce

72 2087 201 2125 „esse
236 2068 464 2115 omnibus
500 2067 751 2113 affluentes
789 2083 908 2128 quae
944 2068 1042 2112 sint
1077 2067 1136 2112 ad
1166 2067 1424 2115 beatitudi-

71 2171 216 2208 „nem
251 2155 527 2199 necessaria.
588 2150 735 2196 Acidis
771 2162 1013 2211 praeterea
1049 2167 1224 2212 operae
1245 2152 1294 2184 (⁸)
1321 2169 1429 2213 pre-

74 2237 233 2291 „tium
267 2231 636 2281 considerarim
673 2232 1002 2278 militantibus
1055 2246 1305 2294 oportere,
1353 2235 1428 2280 uti

106 2389 158 2420 (a)
183 2387 267 2415 cod.
290 2393 361 2414 auc·
418 2384 534 2418 (b)1ta
556 2386 632 2415 cod.
654 2386 752 2420 freti·
801 2387 846 2420 (c)
882 2388 934 2417 lta
966 2386 1042 2416 cod.
1068 2395 1124 2416 ex.
1171 2386 1228 2420 (d)
1266 2390 1320 2418 lta
1351 2387 1429 2418 cod.

77 2439 123 2473 (e)
146 2437 231 2468 eod.
255 2445 362 2475 opere.
400 2436 448 2473 (J)
473 2438 558 2466 Cod·
581 2434 759 2466 consideri.

1072 2496 1144 2541 15Α
