1752 3116
490 162 592 202 SEV
621 161 794 202 LIBER
823 160 878 201 11.
1271 166 1348 201 205

5 288 52 322 et
86 285 219 338 [per]
254 288 464 337 satrapas
499 275 723 322 omnium
765 274 1008 338 gentium,
1059 290 1180 334 quae
1215 275 1349 321 velut

1 359 131 404 idem
169 359 278 423 cogi
311 371 532 421 possent,
573 360 874 405 exercituum
909 356 1046 402 milia
1081 356 1348 411 laboraret,

2 458 101 488 non
144 443 334 488 Parthis
375 442 560 488 scilicet
604 442 872 493 Elamisve,
919 456 1019 485 non
1067 438 1351 499 Babyloniis

3 535 87 569 aut
127 527 516 587 Mesopotamiae
563 524 672 570 data
719 524 927 570 militiae
982 524 1350 571 evacationew.

1 609 266 656 Enimvero
304 608 531 655 armanda
567 620 674 653 tum
708 612 902 663 Bactra,
938 607 1082 653 Indos
1119 609 1267 653 etiam
1305 619 1354 653 et

2 692 348 740 Samiramidos
370 690 417 725 (ὅ)
453 707 596 756 regna
632 689 882 744 censebat,
927 707 1194 753 omnesque
1244 709 1354 737 cen-

2 789 111 822 tum
142 784 211 823 et'
236 776 484 840 octoginta
505 775 555 808 (ι)
600 787 792 840 gentes,
837 790 952 836 quas
997 773 1089 820 sibi
1138 774 1352 822 subditas

1 860 172 914 sciret,
211 859 271 905 ad
306 859 640 906 conmilitium
674 858 935 904 exercitare
959 856 1031 912 (θ),
1069 870 1124 904 ut
1158 859 1198 904 si
1225 860 1353 905 nihi-

1 944 107 989 lum
142 944 377 1005 amplius,
415 953 543 987 certe
580 942 656 987 vel
705 943 968 989 ostentatio
1020 944 1354 990 multitudinis

2 1039 190 1073 terrore
224 1025 438 1088 quodam
475 1028 769 1069 Graecorum
805 1026 980 1070 animis
1011 1024 1268 1072 obsisteret
1283 1027 1352 1073 (Α).

2 1114 133 1155 Haec
175 1109 418 1155 sententia
461 1107 683 1169 placebat
728 1107 927 1168 quidem
973 1108 1237 1155 admodum
1284 1129 1355 1157 re-

1 1194 122 1258 giis,
159 1205 208 1238 et
241 1190 661 1253 adstipulabantur
695 1191 843 1236 etiam
878 1193 1099 1253 plerique
1135 1210 1356 1254 praesen-

3 1287 100 1330 tes,
137 1276 234 1320 nisi
269 1273 400 1337 quod
433 1274 502 1319 eis
527 1274 571 1307 (ε)
608 1289 761 1318 unum
797 1291 896 1320 esse
931 1292 1047 1336 prae
1083 1277 1254 1322 ceteris
1286 1278 1357 1338 ΥΞ·-

4 1359 138 1404 ribus
174 1375 322 1421 penes
357 1361 560 1402 Graecos
597 1357 873 1412 constabat,
911 1357 1043 1419 quod
1089 1360 1200 1420 plus
1337 1386 1356 1396 -

4 1440 166 1486 dentia
202 1442 380 1487 mentis
417 1457 563 1503 quam
615 1441 827 1487 valentia
873 1457 1135 1503 corporum
1183 1442 1351 1504 possit,

0 1530 127 1588 Ergo
163 1523 428 1570 secundum
469 1525 588 1569 haec
632 1525 810 1570 Darius
846 1523 985 1570 iubet
1023 1541 1223 1571 omnem
1266 1544 1356 1572 un-

0 1607 147 1670 dique
181 1618 419 1652 armatam
452 1607 822 1653 multitudinem
859 1609 1134 1655 convenire.

100 1694 272 1736 XXXI.
333 1689 603 1737 Alexander
657 1707 777 1738 vero
838 1691 934 1737 iter
988 1709 1075 1753 per
1131 1691 1354 1738 Ciliciam
1381 1699 1588 1734 Alexander

3 1791 170 1839 agens,
207 1789 319 1818 cum
354 1774 575 1820 multum
609 1774 754 1835 spatii
787 1773 876 1819 sub
913 1776 1095 1822 aestivo
1146 1778 1248 1822 sole
1283 1793 1353 1821 ar·
1371 1765 1591 1847 ξ’ῐιξθιέωἶ

2 1857 95 1903 mis
143 1868 347 1902 onustus
394 1855 597 1918 pedibus
645 1856 902 1920 exegisset,
952 1858 1083 1905 forte
1129 1859 1355 1920 Cydnum
1373 1871 1501 1915 Cydno
1529 1882 1589 1903 ae-

2 1937 134 1985 haud
169 1939 399 2001 cuiquam
444 1938 711 1986 secundum
755 1939 937 1987 flumen
989 1943 1071 1989 vss
1114 1946 1355 2007 magnitu-
1372 1936 1510 1974 gregat.

3 2022 116 2068 dine
161 2022 240 2067 vel
294 2022 539 2084 perspicui
583 2024 788 2088 agminis
831 2025 990 2071 nimio
1037 2026 1198 2090 rigore
1242 2042 1353 2072 cum

3 2117 155 2169 ponte
189 2107 439 2160 transiret,
477 2106 740 2154 delectatus
775 2110 878 2155 eius
912 2107 1154 2154 evidentia
1175 2109 1358 2172 pariter

34 2259 89 2291 (α)
110 2260 163 2287 Ita
193 2259 271 2289 cod.
301 2261 501 2290 eoacacione.
562 2259 608 2295 (b)
641 2262 723 2290 Cod.
760 2247 981 2294 Sara—m-idos,
1013 2261 1058 2289 ita
1098 2267 1138 2289 ut
1171 2261 1358 2297 legendnm

0 2309 184 2337 videretur
218 2309 461 2340 Sarammidos.
502 2311 566 2339 Sed
597 2319 679 2339 vera
709 2311 817 2340 lectio
853 2310 1103 2340 Samiramidos
1133 2313 1357 2348 cognoscitut

4 2366 47 2386 ex
70 2356 137 2385 fine
160 2357 326 2394 epistolae
349 2360 538 2389 Alexandri
569 2360 610 2389 ad
632 2361 855 2389 Aristotelem
887 2366 921 2389 et
947 2369 1040 2398 seqq.
1066 2361 1103 2388 in
1127 2361 1230 2389 tertio
1250 2361 1355 2390 libro.

2 2409 48 2442 (c)
73 2408 124 2437 lta
147 2408 224 2437 cod.
246 2410 446 2438 exercitare.
483 2409 537 2442 (d)
563 2409 646 2441 Cod.
669 2411 804 2439 animus
828 2407 1006 2439 obsistere..
1054 2409 1102 2442 (e)
1121 2409 1204 2438 Cod.
1227 2419 1289 2439 eos.

63 2532 124 2585 (1)
156 2537 266 2582 Atqui
290 2538 351 2570 lib.
375 2539 404 2570 Ι.
437 2549 511 2582 cap.
533 2546 567 2569 t,
601 2536 769 2571 dicuntur
794 2550 931 2574 centum
967 2550 1071 2586 atqua
1102 2542 1241 2587 viginti.
