1752 3116
329 136 381 173 96
879 140 1116 178 EDITORIS

330 246 431 285 haec
461 246 744 287 Alexandrum
778 250 938 288 Auctor
970 252 1017 288 in
1044 249 1338 290 Samiramidos
1371 263 1498 308 regna
1524 248 1667 298 ducit,

332 317 512 355 quorum
535 319 580 343 ea
599 314 850 360 tempestate
871 305 1117 360 potiebatur
1139 304 1341 346 Candace.
1381 307 1468 345 Iam
1488 320 1555 344 res
1571 320 1665 344 ciun

331 358 517 398 Candace
536 363 680 418 regina
700 364 880 419 agitatae
902 375 990 400 non
1016 362 1219 415 modicam
1238 363 1364 402 huius
1386 362 1487 402 libri
1503 371 1666 417 partem

330 417 622 457 constituunt:
654 427 781 472 atque
806 429 853 456 ut
877 418 1077 472 quaedam
1105 421 1151 457 in
1173 433 1220 457 ea
1245 421 1483 458 narratione
1503 418 1668 475 langui-

330 473 448 512 diora
469 473 695 524 videntur,
735 475 794 513 ita
815 474 1001 514 locorum
1022 474 1392 530 aedificiorumque
1415 475 1668 529 descriptio-

328 544 403 568 nes
435 530 688 570 mirabiliter
705 532 885 586 placent.
935 532 1002 570 Ab
1027 546 1078 571 eo
1103 547 1234 590 regno
1259 531 1463 571 decedens
1487 531 1670 570 Alexan-

328 586 402 625 der
435 587 624 626 Deorum
664 598 840 642 repente
877 591 1118 643 praesentia
1160 589 1463 642 consortioque
1492 585 1667 626 fruitur.

327 643 497 683 Dehinc
514 645 626 687 inter
650 644 884 683 Amazones
906 645 1064 684 indicas
1091 656 1131 684 et
1153 644 1436 685 Alexandrum
1456 644 1672 683 missitan-

327 710 398 739 tur
430 700 655 755 epistolae,
704 700 843 740 donec*
864 717 956 741 cum
988 703 1149 740 martiis
1190 703 1257 741 his
1290 701 1460 740 feminis
1489 700 1673 739 amicitia

328 754 564 811 foedusque
605 759 806 797 sancitur.
868 759 973 807 Ecce
1012 769 1151 797 autem
1185 769 1226 797 et
1256 758 1508 797 Aristoteles
1547 755 1672 795 brevi

331 813 502 867 quidem
525 813 596 852 sed
615 815 834 870 magnifica
855 815 1034 870 epistola
1058 825 1198 854 tantos
1225 815 1398 854 bellicae
1424 815 1487 853 rei
1511 826 1674 852 succes-

330 884 401 908 sus
433 869 672 909 Alexandro
711 873 960 928 gratulatur.
1004 871 1246 927 Numquam
1279 871 1507 912 verborum
1545 883 1674 926 egens

329 927 523 967 Valerius
556 927 763 982 prolixam
794 930 896 967 item
923 929 1145 984 epistolam
1171 928 1401 977 Alexandri
1429 926 1480 965 ad
1502 937 1674 966 matrem

329 984 690 1033 comminiscitur,
723 983 807 1039 qua
836 1001 930 1041 pars
957 986 1119 1040 reliqua
1148 988 1238 1025 eius
1265 987 1466 1024 itinerum
1494 983 1545 1022 ad
1563 982 1675 1020 Her-

329 1040 435 1080 culis
463 1055 609 1094 nempe
643 1040 876 1091 columnas,
907 1042 958 1082 ad
978 1044 1213 1082 Amazones
1244 1042 1462 1098 ponticaS‚
1493 1039 1544 1078 ad
1565 1041 1676 1077 Tro-

330 1097 554 1154 glodytas,
585 1096 636 1136 ad
665 1098 813 1137 urbem
844 1100 972 1148 solis,
1004 1099 1054 1137 ad
1089 1100 1284 1148 Tanaim,
1316 1097 1366 1137 ad
1394 1097 1550 1135 Xerxis
1590 1094 1676 1147 Cy-

329 1156 423 1193 rive
452 1167 580 1209 regna
602 1154 901 1207 perscribitur.
951 1158 1062 1194 Tum
1081 1156 1247 1195 demum
1270 1153 1508 1193 Alexandro
1536 1152 1676 1204 Baby-

329 1211 469 1250 lonem
498 1223 698 1259 reverso,
734 1209 791 1248 sad
819 1221 997 1249 mortem
1024 1213 1115 1250 eius
1142 1213 1297 1269 tragice
1331 1210 1582 1263 suhlateque
1609 1209 1673 1247 di·

330 1265 504 1306 cendam
523 1267 623 1304 tetri
637 1267 826 1320 portenti
853 1277 1053 1322 apparatu
1074 1269 1185 1310 viam
1204 1267 1290 1306 sibi
1313 1268 1452 1305 munit
1463 1265 1674 1306 Valerius.

332 1322 429 1377 Qua
459 1322 585 1360 etiam
613 1323 854 1362 narratione
885 1334 1077 1379 peracta,
1119 1339 1271 1379 corpus
1294 1321 1523 1362 Alexandri
1556 1322 1676 1362 Iovis

332 1380 500 1419 monitu
534 1379 580 1422 in
601 1381 844 1437 Aegyptum
875 1380 1115 1422 vehendum
1145 1391 1286 1421 curat:
1329 1395 1413 1435 quo
1443 1379 1679 1427 tumulato,

331 1445 631 1476 testamentum
662 1451 833 1492 quoque
862 1437 1091 1476 Alexandri
1116 1437 1302 1493 profert,
1333 1438 1453 1476 cuius
1477 1437 1678 1474 nimirum

334 1504 482 1534 tenore
513 1494 642 1533 moles
679 1493 748 1532 illa
776 1495 955 1533 maxima
997 1496 1254 1535 macedonici
1284 1494 1454 1548 imperii
1482 1495 1529 1532 in
1557 1507 1680 1548 prae-

335 1550 514 1590 fecturas
557 1561 597 1588 et
628 1565 756 1589 renna
793 1550 956 1590 tributa
987 1561 1066 1590 est.
1135 1551 1202 1591 Ad
1241 1561 1474 1590 extremuni
1505 1549 1682 1588 definita

338 1617 473 1654 aetate
502 1585 758 1656 Alexandri,
790 1609 1020 1646 numeratis
1050 1609 1178 1648 victis
1204 1608 1378 1663 populis
1410 1605 1678 1660 urbibusque

339 1663 390 1703 ab
415 1677 462 1702 eo
487 1662 685 1713 conditis,
716 1663 991 1719 eiusdemque
1013 1665 1151 1704 annua
1175 1664 1380 1704 memoria.
1400 1662 1679 1702 Alexandriae

341 1720 532 1760 dedicata.
553 1721 870 1775 copiosissimae
890 1722 1096 1761 historiae
1113 1723 1308 1763 Valerius
1329 1721 1458 1762 finem
1476 1720 1677 1776 imponit.

163 1777 324 1813 Historia
425 1776 501 1817 VI.
525 1778 610 1816 Tot
628 1787 827 1831 tantaque
848 1778 984 1816 Iulius
998 1779 1191 1819 Valerius
1212 1794 1341 1834 quum
1364 1779 1410 1816 in
1428 1790 1549 1815 suum
1571 1790 1679 1831 opus

104 1835 192 1869 haee
219 1848 322 1882 ³²·epe
342 1833 558 1884 intulerit,
592 1835 687 1889 quis
716 1833 885 1873 dubitet
908 1834 1020 1874 hunc
1050 1851 1220 1891 quoque
1245 1836 1497 1874 historicum
1520 1835 1681 1888 optime

106 1893 278 1927 fabulosa.
339 1892 537 1930 meritum
565 1905 655 1930 esse
680 1891 730 1930 de
754 1891 986 1931 Alexandri
1010 1895 1179 1932 nomine
1196 1908 1242 1932 ac
1264 1891 1307 1930 di
1340 1890 1505 1930 nitate?
1525 1892 1682 1929 Nonne

343 1950 456 1988 enim
487 1962 613 2003 saepe
639 1947 810 1987 videtur
829 1959 1001 1988 ornatus
1031 1950 1182 1989 iisdem
1211 1948 1298 1989 fere
1311 1908 1521 1988 §audibus
1551 1957 1680 2002 atque

343 2004 664 2047 Cu1·tius‘?‚Sed
686 2019 770 2044 uno
791 2008 970 2045 maxime
989 2008 1099 2050 Vitio
1111 2007 1305 2046 Valerius
1324 2005 1544 2060 premitur,
1564 2003 1680 2058 quod

341 2061 484 2102 multis
527 2062 820 2120 figmentorum
855 2064 1054 2120 vestigiis
1095 2079 1209 2103 suam
1242 2062 1462 2102 historiam
1503 2062 1682 2115 impres·

342 2121 414 2158 sit.
455 2118 552 2157 Etsi
574 2128 714 2158 autem
735 2133 788 2157 ne
811 2134 957 2176 graves
986 2120 1156 2173 quidem
1176 2119 1372 2158 historici
1400 2117 1680 2172 (Herodotus

341 2175 522 2230 exempli
544 2189 664 2214 causa
684 2176 753 2215 vel
772 2176 965 2231 Plinius)
997 2177 1071 2216 hac
1089 2176 1182 2216 labe
1206 2185 1370 2225 carent3
1403 2175 1486 2214 etsi
1509 2175 1681 2227 Diony·

341 2235 430 2272 sius
463 2232 803 2272 Halicarnasseus
823 2234 872 2267 (²)
903 2234 1128 2288 plerosque
1164 2233 1388 2271 historicos
1430 2232 1682 2286 antiquissi-

342 2305 430 2330 mos
457 2291 501 2329 in
525 2291 763 2346 pervagatis
780 2287 1015 2330 fabularum
1033 2291 1158 2348 nugis
1181 2290 1353 2344 impune
1377 2299 1565 2329 versatos
1591 2303 1683 2328 esse

342 2346 589 2396 tradiderit;
631 2347 761 2401 idque
791 2357 832 2385 et
864 2347 1064 2401 quaedam
1099 2358 1294 2402 excerpta
1323 2357 1539 2386 auctorum
1564 2360 1686 2401 prae-

405 2523 466 2575 (1)
496 2525 674 2560 Iudicium
698 2525 742 2559 de
763 2524 986 2569 Thucydidis
1012 2525 1160 2559 historia
1182 2536 1280 2571 capp.
1311 2534 1348 2558 v.
1371 2532 1405 2556 et
1427 2532 1483 2559 VI.
