1752 3116
110 1535 288 1571 itinerarii

71 1593 253 1626 voracitas.

311 219 376 244 x1v
861 214 1106 250 EDITORIS-

311 328 637 372 consumpserat.
695 320 751 359 Et
788 319 961 374 quidem
993 321 1086 376 ipse
1125 321 1314 377 Scriptor
1349 332 1488 362 sancte
1529 333 1660 362 testa-

309 375 459 423 tur(¹)‚
487 389 530 413 se
555 394 637 419 non
660 379 712 419 de
731 381 971 432 loquacium
995 395 1168 422 numero
1190 383 1348 423 vilibus
1374 398 1491 422 usum
1512 393 1662 443 auc-cq-

312 433 444 479 ribus,
474 435 551 474 sed
570 450 674 487 quos
682 436 800 493 fidei
823 438 1104 478 amicissimos
1125 446 1245 479 vetus
1268 453 1448 478 censura
1467 454 1659 491 pronun-

310 491 464 532 ciaret.
509 488 662 543 Itaque.
694 489 869 544 perinde
901 489 1080 530 fortasse
1107 501 1172 530 est
1200 507 1246 531 ac
1277 493 1313 529 si
1332 493 1540 541 Diodori,
1569 493 1656 531 Eu-

310 547 468 593 menis,
502 545 728 595 Strattios,
757 547 992 598 Amyntae,
1034 548 1254 597 Archelai,
1283 549 1496 606 Diogneti
1526 559 1654 603 atque

311 600 512 640 Baetonis
543 603 634 641 sive
659 603 951 657 compendium
977 605 1067 643 sive
1093 616 1339 659 excerptum
1366 605 1574 659 quoddam
1597 605 1656 643 le-

309 667 452 714 gamus
485 658 685 697 nudatum
727 661 842 699 omni
877 671 1042 718 ornatu·
1058 662 1262 700 orationis
1293 672 1505 716 tamquam
1535 671 1657 703 veste

309 715 506 752 detmcta.
564 715 620 753 Et
661 731 908 771 quamquam
940 732 1031 756 cum
1060 718 1240 757 Arriano
1275 718 1525 773 plerumque
1557 732 1657 756 con-

310 771 441 809 sentit
466 771 764 822 Itinerarium,
811 773 855 812 id
883 784 1021 813 tamen
1052 775 1146 829 ipsa
1169 790 1306 814 rerum
1331 776 1476 829 potius
1500 775 1657 815 verita-

308 837 378 877 te,
423 842 547 882 quam
587 830 780 884 sequelae
822 830 965 870 studio
1007 841 1081 870 aut
1119 832 1373 872 imitationis
1415 831 1653 871 conficitur.

307 882 416 922 Nam
444 899 574 938 quum
599 897 647 936 etv
662 887 865 926 Arrianus
893 889 1082 943 apprime
1107 889 1165 926 sit
1187 896 1410 942 φιλαλήθης,
1442 899 1485 927 et
1510 897 1656 926 noster

309 942 414 979 item
442 943 600 981 Auctor
625 944 731 982 nihil
758 945 977 998 antiquius
1006 946 1260 984 narrationis
1286 946 1368 984 fide
1390 945 1557 993 habeat,
1580 958 1657 982 ne-

307 1000 484 1037 cessaria
509 999 685 1052 quadam
719 1002 884 1041 ratione
922 1002 1228 1056 consequitur,
1269 1013 1318 1041 ut
1353 1014 1655 1057 saepenumero

306 1053 597 1094 adsentiantur
630 1058 743 1095 inter
784 1073 846 1096 se.
903 1059 1112 1113 Alioquin
1149 1059 1273 1098 multi
1313 1063 1412 1098 s‘unt
1440 1059 1546 1107 loci,
1578 1058 1656 1111 qui

307 1111 409 1149 satis
436 1111 612 1162 docent,
642 1115 821 1154 Auctori
843 1113 1061 1154 Itinerarii
1086 1115 1197 1154 haud
1216 1131 1308 1154 raro
1332 1117 1559 1154 Arrianum
1581 1128 1657 1151 ne-

307 1181 390 1221 que
413 1168 462 1207 ad
487 1170 810 1209 exscribendum
833 1186 975 1226 neque
999 1171 1048 1210 ad
1074 1171 1325 1210 imitandum
1342 1172 1476 1212 fuisse
1498 1185 1657 1226 propo-

305 1224 435 1261 situm
459 1226 524 1262 (²).
588 1223 784 1264 Ceterum
808 1230 1035 1281 utriusque
1059 1228 1258 1266 Auctoris
1283 1229 1364 1268 hoc
1384 1240 1449 1267 est
1473 1243 1656 1268 cominu-

305 1295 360 1318 ne
395 1281 673 1331 institutum,
703 1292 751 1320 ut
785 1284 1042 1322 circumcisis
1079 1282 1304 1335 omnihus,
1336 1300 1441 1340 quae
1479 1284 1531 1323 de
1558 1284 1656 1322 Ale-

307 1337 460 1376 xandri
495 1340 679 1392 pueritia
712 1349 840 1393 atque
879 1339 1129 1378 educatione
1161 1339 1317 1379 tradita
1348 1341 1399 1379 ab
1435 1342 1530 1380 aliis
1564 1340 1657 1380 fue-

305 1405 400 1432 rant
417 1423 430 1443 ‚
465 1394 655 1435 bellicam
680 1406 845 1434 tantum
871 1396 1058 1435 eiusdem
1085 1396 1405 1452 expeditionem
1437 1408 1537 1453 post
1557 1398 1657 1436 Phi-

305 1450 414 1506 lippi
441 1465 584 1490 necem
609 1453 781 1507 scriptis
807 1463 1106 1507 exsequantur.

390 1508 469 1548 IV.
512 1508 706 1548 Iamvero
740 1525 870 1564 quum
897 1511 1111 1549 innumeri
1139 1510 1363 1559 historici,
1397 1510 1510 1565 quod
1539 1511 1656 1565 quis-

307 1580 388 1619 que
415 1565 503 1605 fere
537 1565 771 1615 voluisset,
804 1567 849 1604 in
884 1567 1016 1607 vitam
1050 1567 1283 1606 Alexandri
1316 1569 1416 1607 olim
1450 1567 1656 1606 contulis-

306 1632 428 1671 sent,
459 1632 604 1661 noster
640 1622 813 1678 quidem
850 1624 1014 1663 Auctor
1048 1639 1174 1682 grave
1209 1639 1361 1663 munus
1397 1634 1440 1663 et
1466 1624 1656 1673 arduum,

364 1794 424 1841 (1)
457 1798 544 1841 Cap.
578 1797 626 1829 ΙΙ.

363 1852 420 1898 (2)
452 1854 567 1887 Nemo
593 1853 777 1898 Anonymi
814 1854 1045 1889 Itinerarium
1075 1856 1265 1889 arbitretur
1299 1868 1376 1889 esse
1401 1834 1548 1889 Arriani
1580 1865 1657 1887 ser-

305 1909 376 1942 vile
402 1910 581 1956 quoddam
607 1911 872 1957 compendium.
907 1913 1079 1947 Arrianus
1106 1922 1174 1948 tres
1196 1913 1288 1946 filios
1317 1912 1512 1946 Pausaniae
1534 1922 1655 1945 caesos

305 1979 377 1999 nou
411 1975 553 2009 narrat,
597 1968 909 2003 Lacedaemonum
942 1969 978 2002 in
1020 1971 1319 2015 peloponnesiaco
1345 1977 1521 2003 conventu
1557 1966 1656 2001 aliud

305 2035 515 2068 responsum
537 2023 669 2067 refert,
698 2026 791 2058 nihil
818 2025 862 2058 de
886 2027 1067 2059 Maeotide
1092 2029 1133 2060 ab
1155 2026 1361 2061 Alexandro
1392 2026 1488 2058 adita
1522 2033 1654 2066 narrat,

305 2079 416 2113 alium
451 2081 635 2126 copiarum
669 2093 858 2115 numerum
879 2082 1086 2116 Alexandro
1119 2083 1215 2116 eunti
1251 2084 1288 2116 in
1316 2083 1443 2116 Asiam
1469 2081 1653 2126 adiungit,

304 2148 421 2182 neque
446 2137 703 2182 Olympiadem
728 2139 978 2184 Amphipolim
1000 2151 1110 2186 usque
1134 2141 1230 2173 ducit
1246 2165 1256 2181 ,
1287 2150 1402 2185 neque
1429 2146 1567 2184 septem
1589 2137 1655 2170 sed.

306 2205 367 2226 sex
389 2194 497 2228 Asiae
521 2202 741 2239 satraparum
766 2195 957 2237 meminit,
988 2209 1102 2241 neque
1128 2197 1403 2231 Parmenionem
1427 2196 1491 2228 sed
1510 2196 1654 2239 Amyn-

306 2258 379 2283 tam
403 2252 637 2295 praemissum
664 2253 706 2285 ab
731 2253 936 2286 Alexandro
962 2253 1094 2287 scribit.
1139 2255 1256 2299 Atque
1282 2254 1344 2286 has
1370 2253 1557 2285 varietates
1587 2250 1652 2286 sub

306 2306 394 2352 ipsis
423 2308 591 2341 historiae
616 2309 822 2352 primordiis
848 2318 971 2343 notare
992 2309 1124 2343 libuit:
1154 2311 1308 2356 reliquas
1334 2309 1504 2355 plurimas
1529 2304 1652 2354 persegss

307 2364 367 2409 qui
390 2365 545 2398 otiosum
570 2374 633 2397 est.
666 2367 793 2400 Obiter
818 2375 936 2399 tamen
961 2378 1113 2408 moneo,
1144 2367 1173 2400 si
1198 2368 1254 2400 cui
1277 2375 1372 2400 vaca!
1391 2393 1400 2407 ,
1431 2374 1468 2399 ut
1492 2360 1652 2398 conferat

306 2420 487 2455 Itinerarii
522 2434 596 2467 cap.
622 2427 677 2457 44.
716 2435 795 2456 cum
822 2423 968 2457 Arriani
1006 2424 1066 2457 lib.
1094 2426 1142 2456 ΙΙ.
1167 2430 1220 2459 25.
1257 2425 1339 2458 ltin.
1370 2429 1423 2457 53.
1457 2434 1538 2456 cum
1566 2421 1650 2456 Arr-

307 2478 376 2510 111.
402 2483 434 2511 6.
473 2479 554 2511 Ιῐίιι.
577 2483 632 2512 66.
664 2492 743 2513 cum
772 2480 854 2513 Arr.
883 2482 950 2514 ΙΙΙ.
974 2485 1028 2512 17’.
1069 2481 1149 2513 ltin.
1175 2486 1228 2513 70.
1265 2494 1345 2514 cuni
1371 2481 1452 2514 Arr.
1491 2479 1560 2513 ΙΙΙ.
1595 2483 1649 2511 23.

307 2535 392 2568 Iliu.
417 2541 471 2569 83.
505 2547 586 2568 cum
608 2537 690 2569 Arr.
717 2548 767 2570 iv.
792 2537 1000 2582 5.Sop01-is
1025 2537 1132 2577 irem,
1173 2550 1241 2584 quo
1261 2536 1467 2572 Alexander
1486 2536 1571 2569 ltin.
1596 2537 1650 2568 54.

308 2600 389 2624 ante
418 2604 574 2637 pugnam
603 2603 767 2638 gravatus
796 2593 946 2634 dicitur,
978 2596 1073 2626 nulla
1103 2596 1144 2627 ab
1171 2595 1324 2629 Arriano
1351 2593 1486 2627 mentio
1513 2591 1566 2626 fit.
