1732 3121
167 293 288 330 Orbis.

102 438 286 475 Columlm.

141 951 280 988 Crater.

159 1544 276 1581 Sella.

108 1690 273 1738 Vertigo.

152 1922 271 1970 Lyra.

61 2215 184 2253 Theca
204 2229 274 2265 po-

60 2273 231 2311 culorum.

55 2374 163 2417 Fons,
176 2370 273 2422 aquiss

309 179 390 219 282
693 178 1050 223 ALEXANDRI
1079 180 1284 223 oBlTvs

307 294 543 354 »aedificii
569 296 625 338 de
642 296 847 344 culmine,
875 295 1223 351 adhaerebatque
1252 296 1327 337 illi
1352 295 1556 348 strophio
1589 308 1654 335 or-

307 367 410 408 »bis
430 370 613 423 quidam
640 371 700 410 ad
735 371 902 410 modum
936 370 1178 422 vertiginis
1203 370 1404 422 melitis,
1443 381 1654 423 superque

307 441 484 484 »orbem
502 443 781 486 simulacrum
803 441 1024 483 columbae
1039 442 1301 496 sessitabat,
1341 444 1458 498 quod
1482 442 1559 483 uhi
1593 454 1660 480 re-

304 532 500 571 »sponsa
516 533 598 561 rex
632 519 800 560 diceret
826 518 1026 559 humanis
1057 518 1229 560 vocibus
1261 518 1510 559 sciscitanti
1535 513 1659 572 loqui

300 586 545 648 »fer-retur.
601 594 663 634 Id
691 593 934 646 strophium
967 607 1060 633 cum
1096 587 1284 648 auferre
1319 591 1515 631 indidem
1551 589 1659 630 mihi

301 680 325 704 »
337 667 565 719 cupiditas
572 660 711 723 soret
735 668 805 707 uti
830 668 890 706 ad
919 680 998 707 vos
1032 675 1076 707 et
1107 666 1170 705 ad
1201 673 1391 705 nostram
1427 664 1657 705 Graeciam

301 741 617 790 >›mitteretur,
658 742 773 782 idem
801 743 878 795 qui
905 741 1092 780 aderant
1123 738 1440 779 contenderunt
1470 751 1562 777 rem
1586 751 1656 776 sa·

300 827 455 853 »cram
491 827 579 853 esse
611 827 749 869 neque
778 814 1117 866 contempnendo
1145 811 1340 865 periculo
1374 806 1656 851 invadariw)
1721 820 1724 824 ·

301 899 366 925 »α
385 887 590 941 quopiam
605 901 748 939 posse.
807 888 958 929 Multa
978 887 1125 939 igitur
1145 886 1237 926 alia
1257 898 1424 940 quoque
1445 897 1558 939 quae
1578 884 1655 923 mi·

300 974 530 999 »raremur
549 958 837 1017 offendimus,
866 962 985 1001 inter
1006 973 1116 1015 quae
1141 968 1316 1000 cratera
1348 958 1483 998 etiam
1502 970 1658 1010 argen-

298 1041 445 1074 >›teum
483 1035 753 1086 capacitatis
795 1037 856 1075 ad
893 1034 1112 1086 anphoras
1153 1048 1285 1088 usque
1314 1040 1432 1071 ·Ccc·
1471 1040 1516 1071 et
1555 1038 1653 1068 ·Lx·

296 1108 444 1147 »Eius
465 1108 732 1159 capacitatis
761 1116 826 1148 est
867 1109 1134 1148 mensuratio
1173 1115 1385 1158 conperta
1421 1103 1547 1145 nobis
1574 1102 1654 1142 hoc

295 1195 320 1221 >›
330 1180 480 1226 modo,
510 1181 585 1219 die
608 1180 727 1220 sacri
748 1193 842 1218 cum
867 1181 1109 1221 convivium
1135 1181 1269 1219 etiam
1291 1177 1451 1218 celebre
1481 1174 1656 1217 exhibe-

294 1269 320 1294 »
331 1253 425 1294 bam
446 1247 524 1306 (ὅ),
563 1253 624 1293 ad
654 1253 776 1308 quod
811 1254 1056 1295 convivium
1092 1262 1165 1293 tot
1194 1251 1408 1304 anphoris
1444 1250 1655 1301 repletum

295 1341 419 1368 »esse
449 1340 525 1368 vas
545 1335 728 1367 constat.
785 1327 1013 1369 Enimvero
1037 1341 1111 1369 vas
1136 1327 1258 1367 istud
1281 1325 1544 1376 insculptum
1562 1331 1654 1362 erat

296 1410 461 1454 »atque
492 1401 705 1441 caelatum
725 1401 958 1442 navalibus
979 1401 1161 1453 proeliis
1189 1414 1299 1456 quae
1327 1400 1503 1440 Xerxes
1531 1395 1655 1449 apud

295 1487 320 1512 >›
330 1475 681 1526 Peloponnesum
699 1476 981 1517 militaverat.

378 1546 624 1586 LXXXVI·
665 1550 820 1589 »Erat
845 1551 964 1590 inter
987 1550 1068 1591 illa
1097 1549 1340 1591 caelamina
1365 1556 1411 1589 et
1442 1546 1551 1588 sella
1585 1557 1652 1584 re·

293 1623 445 1676 »galis
464 1622 642 1675 scalpta
667 1623 916 1677 insertaque
942 1626 1069 1677 operi
1090 1639 1144 1664 ex
1177 1638 1285 1664 auro
1325 1622 1508 1663 stellata
1537 1620 1653 1672 lapi-

293 1697 455 1737 »dibus
478 1705 524 1738 et
542 1710 597 1737 ex
617 1698 765 1749 precio
783 1698 990 1751 insignis.
1049 1697 1325 1750 Inpendebat
1350 1705 1496 1738 autem
1517 1695 1653 1734 etiam

292 1770 472 1811 »sellam
496 1771 629 1810 istam
651 1772 827 1823 vertigo
857 1770 1071 1826 quaedam
1088 1773 1146 1810 ad
1176 1771 1349 1810 modum
1367 1766 1650 1824 mundifigu·

291 1858 316 1879 »
328 1853 453 1890 rata,
484 1857 613 1897 quam
634 1845 774 1896 ipsam
802 1858 970 1899 quoque
1001 1858 1211 1895 responsa
1238 1843 1317 1884 sub
1353 1842 1651 1895 praesentiam

292 1918 442 1969 »regii
464 1917 657 1969 spiritus
681 1917 787 1958 dare
805 1931 947 1958 omnes
961 1920 1135 1970 pariter
1152 1917 1425 1959 adserebant.
1455 1917 1650 1967 Propter

291 2005 424 2032 »vero
449 1976 540 2031 eam
564 1998 628 2031 est
650 1991 742 2030 sita
775 1991 894 2045 lyrae
910 1986 1068 2047 facies
1107 2007 1163 2032 ex
1190 2002 1288 2032 arte
1315 1991 1555 2037 eiusmodi,
1597 1998 1646 2028 ut

289 2079 313 2102 w
326 2064 441 2105 nihil
461 2066 653 2106 demutet
667 2063 720 2104 ab
732 2079 782 2105 ea
801 2065 896 2119 lyra
917 2080 1028 2121 quae
1046 2067 1108 2106 sit
1121 2080 1305 2105 canora.-
1334 2068 1398 2106 sic
1409 2066 1500 2104 ista
1512 2065 1646 2104 etiam

291 2153 315 2177 ³)
327 2139 389 2179 ad
408 2139 642 2179 canendum
664 2140 733 2179 uti
764 2140 910 2180 solent
933 2138 991 2176 (⁰).
1049 2141 1167 2181 Nam
1200 2148 1241 2180 et
1275 2148 1431 2191 sponte
1461 2139 1648 2191 plerum·

290 2227 313 2247 ν)
325 2226 405 2267 que
426 2213 596 2264 spiritu
608 2209 661 2243 (d)
683 2222 825 2254 actam
854 2227 1005 2254 canere
1024 2213 1136 2253 hanc
1164 2213 1303 2267 lyram
1322 2220 1565 2253 noverant:
1599 2219 1644 2250 et

289 2288 492 2327 »iuxtim
512 2288 677 2328 viseres
711 2287 851 2328 veluti
878 2287 1046 2327 thecam
1066 2287 1320 2338 poculorum
1348 2294 1457 2325 ·xV1·
1489 2284 1646 2324 cubitis

291 2375 315 2396 ν
329 2369 538 2408 erectam,
579 2375 801 2415 supraque
825 2374 916 2400 eam
963 2361 1129 2401 thecam
1167 2371 1412 2414 congestam
1445 2357 1646 2417 effi‘giem

53 2429 92 2465 1⁰
115 2441 147 2465 εἰ
166 2431 273 2468 ‹zrbo-
291 2436 587 2476 »altitudinis
599 2449 678 2488 per
695 2433 844 2475 cubita
863 2441 1027 2475 ἙΧΧΧ·
1047 2450 1132 2475 uua
1147 2451 1238 2475 cum
1250 2434 1462 2488 gradibus
1476 2439 1641 2470 ‘LXXX-

54 2501 111 2522 7‘(5
124 2502 254 2524 aureae
260 2517 269 2525 .

321 2603 372 2637 (α,
396 2604 443 2632 lta
465 2604 530 2632 cod
566 2600 611 2636 (b)
633 2602 704 2633 Cod
736 2600 900 2633 exzbebac.
932 2603 978 2637 (c)
1003 2603 1083 2634 Cod.
1111 2601 1202 2632 solet.
1239 2602 1292 2637 (d)
1317 2600 1390 2631 eod
1423 2598 1573 2639 spiritui.
