1752 3116
1750 0 1752 70 Ι

362 192 437 227 160
748 187 1101 227 ALEXANDRI
1133 190 1314 228 ORTVS

361 416 380 439 ,‚
394 385 650 447 profiteris,
688 384 768 430 cui
802 401 946 446 quam
982 385 1126 448 longe
1159 387 1478 446 praestantius
1503 385 1555 418 (α)
1577 384 1707 431 foret

362 303 584 356 „sceleris
609 301 841 364 parilium
877 302 1234 363 conspiratione
1269 304 1460 348 hostem
1483 315 1531 348 te
1549 301 1703 348 nostri

360 498 379 521 ,‚
392 468 444 513 id
478 469 606 514 inter
643 469 899 514 Graeculos
935 468 1173 521 iactitare,
1212 485 1334 530 quos
1367 473 1570 515 Graecos
1605 467 1709 513 fere
1751 474 1752 503 l

360 563 448 605 „ut
493 551 689 597 inutiles
714 547 760 583 (ὅ)
808 554 1057 596 Persarum
1110 568 1253 615 regna
1306 569 1407 600 non
1455 549 1709 614 quaerun't.
1751 563 1752 614 ᾗ

359 638 473 687 „Sat
507 635 653 698 igitur
687 632 840 680 habeo
876 634 954 679 vel
993 635 1085 679 hoc
1122 645 1314 681 tantum
1350 631 1711 698 imprudentiae
1751 632 1752 668 ἶ

360 747 379 770 ,‚
392 717 607 781 signum,
646 716 776 780 quod
811 729 937 762 ratus
974 734 1060 763 nos
1097 712 1384 764 vestratibus
1405 717 1588 764 similes
1615 715 1728 780 huc·

361 799 700 853 >,contendisti.
738 800 863 862 Quin
889 817 1000 864 ergo
1028 812 1204 854 errata,
1232 804 1419 867 corrige
1452 816 1542 846 nec
1568 795 1714 843 addas

361 883 669 936 >,huiusmodi
704 882 1001 930 facinoribus
1037 884 1406 932 incrementum.
1463 887 1550 928 Est
1582 880 1715 926 enim

359 966 525 1019 „scire‚
550 983 638 1013 nos
674 965 850 1028 quibus
881 970 1098 1012 Deorum
1118 969 1299 1028 pariter
1321 979 1368 1013 et
1386 965 1645 1029 prudentia
1668 975 1716 1009 et

360 1048 599 1114 „dignitas
635 1050 790 1103 favet,
828 1049 1034 1111 peccatis
1057 1050 1160 1109 istis
1194 1051 1521 1097 uthominum
1544 1047 1716 1093 subve-

360 1162 380 1185 ,‚
393 1133 512 1178 nire.
551 1139 731 1180 Censeo
755 1133 901 1196 igitur
922 1134 999 1177 uti
1020 1132 1079 1178 ad
1107 1131 1408 1179 adorandum
1434 1149 1514 1178 me
1535 1131 1715 1185 venias,

362 1232 459 1269 „ne
496 1227 666 1262 contra
701 1215 1026 1277 inobsequens
1070 1231 1279 1277 poenam
1314 1234 1404 1279 pro
1440 1216 1581 1262 venia
1619 1230 1719 1258 me-
1751 1238 1752 1284 j

362 1300 555 1353 „rearis
603 1298 746 1363 Quod
781 1310 834 1344 ut
880 1299 974 1345 tibi
1009 1312 1170 1345 ratum
1204 1300 1268 1345 sit
1311 1304 1480 1346 Iovem
1524 1299 1635 1344 iuro
1672 1309 1720 1343 et
1751 1343 1752 1354 ζ

363 1395 616 1445 „parentes
652 1399 814 1435 meos,
863 1400 1064 1430 omnem
1099 1384 1170 1431 tui
1218 1384 1450 1430 iniuriam
1497 1382 1752 1445 protinus2

364 1483 421 1520 „e
454 1483 565 1512 meo
601 1478 799 1528 pectore
833 1479 1175 1513 recessuram«.

128 1562 249 1606 Pugna
266 1562 349 1595 Alc·
465 1553 566 1595 LII.
612 1555 675 1595 Et
709 1550 826 1596 haec
863 1551 1063 1612 quidem
1091 1551 1269 1613 scripta
1305 1550 1427 1614 regis
1452 1545 1724 1595 Alexander
1751 1561 1752 1577 ¹

129 1619 347 1710 Efflss'ffl'm
364 1632 559 1696 legerat.
617 1633 766 1678 Enim
815 1634 1020 1681 ulterius
1065 1651 1166 1681 non
1213 1633 1372 1680 verbis
1430 1630 1512 1678 sed
1558 1628 1752 1700 gladio}

243 1698 252 1707 ⁵
367 1715 602 1779 agendam
638 1733 741 1762 rem
777 1730 934 1771 ratus,
971 1736 1058 1781 per
1082 1717 1310 1764 Arabiam
1347 1714 1615 1762 exercitum
1637 1704 1752 1784 εἶα-ξ

368 1799 458 1852 cit,
497 1810 642 1861 atque
677 1800 729 1844 in
765 1817 972 1864 aequore
1009 1801 1141 1863 quod
1186 1800 1394 1866 agendae
1429 1798 1499 1844 rei
1547 1812 1752 1866 oppor-¹

367 1883 534 1928 tunius
570 1881 823 1930 videbatur
865 1885 1019 1930 aciem
1067 1884 1297 1930 extendit.
1365 1888 1466 1946 Qua
1509 1870 1752 1952 inspecta}

366 1967 541 2013 Darius
576 1984 713 2029 spem
748 1968 962 2029 primam
1008 1984 1211 2029 eamque
1251 1969 1331 2014 vel
1364 1965 1631 2012 maximam
1673 1961 1752 2010 in⁴

367 2050 558 2098 falcatis
604 2049 822 2098 curribus
867 2052 1040 2114 ponit:
1100 2052 1189 2113 qui
1235 2065 1291 2097 ut
1334 2050 1526 2097 facilius
1570 2047 1726 2093 aciem

368 2133 588 2179 hostium
632 2135 933 2180 incursarent
977 2151 1002 2179 a
1047 2136 1196 2180 latere
1246 2135 1576 2180 conlocantur.
1634 2128 1728 2176 Sed

368 2216 422 2263 id
468 2218 731 2263 consilium
786 2222 955 2263 Persae
1013 2217 1177 2262 dissici
1219 2215 1489 2263 Alexander
1535 2213 1728 2260 facilius

368 2300 650 2363 inopinatus
677 2300 754 2356 (⁶),
797 2300 1156 2347 incurrentibus
1202 2300 1423 2346 curribus
1470 2317 1556 2362 per
1603 2298 1726 2343 acies

368 2386 732 2450 phalangasque
780 2385 946 2430 locum
994 2385 1219 2430 transitui
1262 2383 1412 2446 pandi
1464 2381 1727 2446 praedicit,

407 2538 460 2570 (a)
487 2535 570 2565 Cod.
596 2539 829 2574 praestantia.
869 2536 914 2570 (b)
940 2536 1026 2566 cod.
1053 2539 1147 2567 inter
1176 2537 1313 2566 mutzlcs
1347 2543 1382 2567 et
1411 2538 1595 2567 Persarum
1623 2536 1728 2564 intet-

369 2585 475 2622 ponit
498 2588 710 2617 necessarios.
747 2590 793 2622 (c)
818 2590 870 2617 Ita
897 2589 972 2618 cod.
1000 2597 1064 2626 pro
1084 2596 1257 2626 optinum.
