1752 3116
273 157 346 183 nn
522 153 530 160 ·
827 148 1059 186 EDITORIS

277 268 372 303 rum
394 255 534 310 copias
560 254 750 312 ingentes
776 264 903 309 atque
933 255 1125 294 efferatas
1151 255 1286 311 primo
1316 267 1545 312 congressu
1563 253 1615 293 ad

281 310 505 350 Granicum
535 313 757 369 perfregit.
824 312 994 351 Deinde
1029 323 1134 367 quot
1183 314 1376 370 regiones
1418 310 1615 366 passibus

280 370 537 425 peragravit,
565 368 744 408 totidem
768 370 857 408 eius
887 370 1083 408 victoriis
1110 370 1340 409 illustratae
1369 378 1483 407 sunt.
1515 368 1617 406 Asia

281 424 417 463 minor
438 426 661 474 universa,
692 440 822 480 quum
845 425 1074 464 Alexandri
1098 437 1237 465 terror
1261 427 1307 464 in
1328 425 1501 464 auribus
1526 424 1617 462 ani-

280 481 444 535 misque
467 483 653 521 omnium
677 493 943 531 versaretur,
979 483 1024 520 in
1047 484 1138 522 eius
1163 482 1369 522 ditionem
1392 482 1615 521 concessit.

279 537 453 592 Iamque
476 538 657 578 bellator
683 538 818 578 audax
844 538 1086 579 fortunatus
1113 541 1298 580 invictus
1326 552 1523 594 praeceps
1547 551 1620 576 oe·

280 603 369 633 stro
391 595 437 633 in
460 595 601 650 ipsum
619 596 798 635 Darium
821 596 872 635 ad
894 595 1097 651 oppidum
1110 598 1247 635 Issum
1272 595 1476 643 defertur,
1508 609 1622 632 eum-

282 666 364 706 que
391 660 506 690 tanta
531 652 747 692 occidione
772 653 932 702 caedit,
963 662 1012 692 ut
1036 653 1086 692 de
1112 654 1320 693 sexcentis
1343 650 1516 690 milibus
1544 650 1623 689 mi-

280 708 404 748 litum
443 709 519 748 vix
548 724 718 765 parvam
745 711 936 765 equitum
968 725 1134 750 manum
1168 709 1353 768 fugienti
1400 708 1492 764 regi
1522 705 1623 746 reli-

282 779 406 820 quam
443 763 608 806 fecerit.
653 767 768 806 Exin
805 768 1006 807 universa
1030 768 1150 820 Syria
1183 768 1228 805 in
1256 766 1518 805 deditionem
1557 776 1621 802 ac-

281 831 427 877 cepta,
458 823 575 880 regia
596 839 698 883 gaza
725 823 921 864 Damasei
947 826 1112 879 potitus
1129 853 1140 874 ,
1170 823 1230 862 illi
1254 824 1454 862 nimirum
1479 821 1624 859 Mace-

282 878 443 930 dones,
473 880 549 933 qui
571 880 773 920 hactenus
795 880 1056 936 quotidianis
1088 881 1225 937 epulis
1254 881 1298 918 in
1325 879 1478 919 robore
1507 891 1626 916 accu-

280 935 550 986 bueruntss),
580 952 679 977 mox
707 939 753 977 in
785 939 1003 977 Persarum
1030 954 1131 978 auro
1161 947 1288 991 atque
1306 935 1472 976 deliciis
1502 921 1626 975 volu-

280 994 361 1031 tari
388 1005 635 1049 coeperunt.
679 995 923 1054 Aegyptum
954 998 1169 1053 regionem
1191 994 1469 1049 praedivitem
1493 1003 1625 1046 paene

282 1050 453 1090 inermis
486 1051 625 1090 Persis
661 1053 846 1110 eripuit,
889 1067 971 1108 qua
1003 1054 1049 1092 in
1086 1052 1309 1109 provincia
1347 1049 1624 1090 clarissimum

280 1108 466 1147 nominis
491 1108 560 1147 sui
587 1119 905 1149 monumentum
935 1112 1076 1170 exegit
1105 1109 1284 1149 maxima
1311 1106 1417 1147 urbe
1442 1105 1627 1144 Alexan-

282 1163 374 1203 dria
395 1162 588 1205 fundata.
638 1169 801 1219 Tyrum
825 1181 924 1206 mox
945 1167 996 1206 ad
1021 1167 1261 1221 exemplum
1285 1163 1482 1204 militaris
1509 1175 1627 1201 seve-

280 1220 422 1260 ritatis
456 1236 616 1261 summo
646 1223 814 1261 excidio
841 1224 1043 1263 vastavit.
1095 1223 1275 1262 Interim
1308 1236 1439 1276 quum
1465 1218 1624 1257 Darius

281 1277 540 1317 innumeram
562 1292 728 1318 manum
750 1293 802 1318 ex
831 1292 908 1318 suo
939 1279 1119 1335 imperio
1143 1278 1412 1334 collegisset,
1443 1286 1485 1314 et
1512 1288 1626 1331 mag·

279 1334 347 1374 nis
382 1333 634 1375 adventitiis
667 1336 898 1376 multorum
923 1351 1070 1393 regum
1091 1347 1132 1374 et
1156 1334 1377 1373 nationum
1401 1333 1536 1388 copiis
1561 1331 1628 1370 iu-

280 1400 477 1441 varetur3
518 1392 756 1432 Alexander
782 1407 912 1449 parvo
949 1394 1133 1432 militum
1164 1406 1339 1431 numero
1373 1391 1419 1429 in
1450 1387 1628 1428 mediam

281 1447 500 1499 Assyriam
519 1451 726 1505 pervasit,
753 1459 960 1506 tantoque
977 1451 1084 1507 regi,
1115 1450 1236 1489 cuius
1260 1448 1329 1488 vel
1349 1447 1439 1486 solo
1462 1445 1628 1500 equita-

279 1515 330 1544 tu
357 1519 499 1545 omnes
524 1506 807 1547 Macedonum
833 1509 945 1549 vires
973 1504 1253 1563 proterendae
1281 1503 1538 1545 videbantur
1553 1502 1628 1548 (²),

281 1563 329 1602 in
354 1572 497 1617 aperta
521 1564 701 1620 planitie
723 1564 926 1622 congredi
949 1578 1074 1603 ausus
1098 1572 1180 1602 est.
1221 1561 1291 1600 Ibi
1313 1576 1444 1617 quum
1468 1558 1627 1598 Darius

279 1633 422 1674 neque
471 1622 612 1678 segnis
644 1619 835 1677 profecto
872 1623 1101 1678 imperator
1145 1633 1285 1673 neque
1317 1619 1381 1658 rei
1431 1615 1628 1656 militaris

281 1677 454 1734 ignarus
490 1676 540 1716 de
577 1692 736 1718 summa
771 1679 944 1734 imperii
980 1678 1177 1718 acerrime
1207 1675 1448 1723 dimicaret,
1479 1683 1521 1712 et
1554 1686 1628 1727 pe-

283 1733 423 1772 ditatu
452 1734 650 1785 infinito,
693 1735 973 1793 quadraginta
1006 1733 1182 1772 milibus
1221 1733 1444 1787 equitum,
1485 1729 1630 1770 multis

281 1790 518 1846 elephantis
535 1820 546 1841 ,
579 1791 775 1831 ducentis
806 1790 969 1831 falcatis
994 1790 1190 1830 curribus
1205 1817 1218 1839 ,
1250 1789 1453 1844 omnique
1475 1799 1629 1845 genere

284 1860 494 1886 armorum
523 1848 782 1897 obsisteret3
811 1848 918 1888 vicit
945 1857 1087 1886 tamen
1116 1845 1385 1886 incredibilis
1416 1841 1627 1884 fortitudo

282 1902 542 1953 Alexandri,
591 1905 713 1944 cuius
749 1914 792 1943 et
825 1905 1031 1944 virtutem
1071 1913 1176 1942 tunc
1203 1903 1396 1942 caelestia
1432 1899 1631 1958 prodigia

283 1960 579 2001 corroborasse
602 1961 806 2000 videntur
828 1962 906 2009 (ὅ),
939 1970 981 1998 et
1009 1971 1122 2000 certe
1142 1961 1189 1998 in
1207 1968 1324 1997 aestu
1352 1958 1443 1997 eius
1462 1968 1629 2014 pugnae

285 2017 495 2057 divinitus
526 2016 731 2055 ardebant
755 2017 888 2065 oculi,
918 2027 1099 2072 totoque
1126 2031 1179 2054 ex
1206 2029 1276 2054 ore
1299 2015 1474 2054 bellicus
1500 2012 1631 2069 spiri-

283 2083 353 2113 tus
392 2074 620 2113 eminebat.
686 2073 826 2131 Igitur
865 2083 1023 2111 tantam
1069 2072 1241 2127 imperii
1277 2072 1431 2127 persici
1477 2069 1631 2110 molem

283 2130 428 2170 brevis
469 2130 615 2169 subito
651 2129 881 2186 dissipavit
926 2144 1022 2168 aura
1056 2129 1355 2168 Macedonum.
1416 2131 1526 2168 Tum
1553 2126 1633 2163 Ba-

281 2186 467 2240 bylone,
509 2186 654 2237 Susis‚
700 2187 943 2244 Persepoli,
975 2185 1313 2239 Ecbatanisque,
1354 2182 1634 2240 opulentissi-

337 2303 396 2347 (1)
431 2304 566 2339 Confer
595 2305 762 2339 Curtium
791 2317 826 2339 x.
851 2311 883 2338 2.

341 2357 398 2404 (2)
428 2358 689 2393 Demosthenes
723 2361 819 2407 apud
855 2360 1072 2398 Aeschinem
1101 2366 1221 2394 contra
1249 2356 1402 2402 ctesiph.
1446 2368 1523 2402 cap.
1558 2364 1629 2389 LII.

284 2416 428 2450 Curtius
451 2426 500 2449 tv.
533 2420 586 2451 14.

340 2471 399 2517 (3)
431 2474 640 2507 Plumrchus
681 2473 740 2506 oit.
778 2471 882 2506 Alex*-
919 2470 975 2504 ed.
1012 2471 1150 2505 londin.
1189 2475 1435 2504 unccxxlu.
1491 2469 1536 2503 T·
1577 2476 1628 2501 lv·

284 2541 316 2573 p.
350 2533 402 2563 ³19.
430 2530 552 2562 ‹tim-ro
585 2529 624 2562 de
655 2530 793 2562 divinat.
827 2532 852 2563 Ι.
879 2534 932 2562 55.
