1752 3116
244 204 297 243 30
717 200 1112 244 ITINERARIVM

244 315 396 379 magis
418 321 530 362 o'rtu
549 317 672 363 veris
695 315 1069 375 Hellespontum
1092 311 1432 375 proficiscitur,
1456 329 1589 359 man-

245 397 354 443 data
389 399 584 460 imperii
617 397 928 444 Macedonici
956 408 1066 442 tum
1099 397 1422 457 Peloponnesi
1456 398 1592 443 Anti-

244 493 382 543 patro
405 483 748 543 piocuratione
770 480 859 526 sub
881 481 957 525 sui
981 479 1206 526 nomine.
1244 495 1334 524 nec
1353 480 1461 541 plus
1485 495 1592 524 suo-

106 571 226 617 copiae
244 582 355 610 rum
404 581 548 626 quam
595 564 815 626 peditum
853 566 923 607 ·X·
945 562 997 595 (ι)
1031 561 1348 652 equitumque
1393 560 1595 608 comita-

12 628 222 662 Alexandri
245 660 322 693 tus
361 653 428 692 ··V
465 646 664 692 milibus
699 645 1040 709 proficiscitur.

33 769 227 814 Expeditio
342 734 514 776 XVIII
549 735 739 794 Agmen
773 746 888 775 vero
926 740 1141 775 ceterum
1174 739 1221 775 et
1253 696 1435 774 auxilia
1470 727 1597 774 circa

11 825 49 858 in
69 826 207 861 Asiam.
244 814 468 878 gentium
515 812 653 857 classi
698 811 998 858 vehebantur
1041 811 1164 858 belli
1208 810 1372 857 usibus
1422 810 1597 863 divite,

247 913 368 959 quae
412 896 700 958 Amphipoli
753 895 806 939 in
864 895 1139 955 Strymonis
1188 896 1362 960 littore
1381 894 1436 928 (a)
1484 906 1598 940 erat.

247 986 319 1027 Eo
356 997 504 1041 usque
540 995 565 1024 a
601 989 758 1024 matre
793 977 1028 1024 deductus
1056 979 1248 1024 acuitur
1281 978 1340 1024 ad
1375 978 1598 1042 gloriam.

247 1069 320 1111 Ita
357 1063 587 1110 nobilitas
636 1074 685 1107 et
718 1061 771 1106 in
818 1060 1018 1106 feminis
1051 1061 1279 1123 periculis
1324 1073 1396 1107 est
1430 1062 1598 1107 amica.

246 1149 401 1213 Igitur
452 1147 555 1208 ipse
610 1162 697 1207 per
757 1145 1003 1191 Abderam
1058 1145 1438 1207 Maroniamque
1493 1157 1603 1190 tum

248 1230 471 1276 Hebrum
516 1240 564 1272 et
598 1228 851 1271 Melanam
893 1242 1083 1279 amnes,
1149 1227 1309 1272 classis
1349 1244 1464 1273 vero
1514 1228 1603 1272 cir-

249 1313 385 1359 cuitu
429 1312 568 1357 omni
612 1313 728 1355 ·XX·
775 1309 853 1354 die
900 1313 1071 1355 Seston
1112 1321 1314 1371 uterque
1360 1308 1604 1371 adpulere,

251 1395 583 1458 Abydumque
617 1393 979 1446 transmittunt,
1026 1404 1074 1438 et
1107 1393 1219 1441 Diis
1255 1392 1485 1439 heroibus
1522 1395 1605 1455 qui

253 1492 373 1542 aput
417 1479 565 1524 Ilium
608 1478 777 1530 litant,
833 1474 920 1521 ubi
955 1476 1087 1520 hasta
1132 1476 1274 1520 humi
1321 1474 1414 1522 fixa
1460 1493 1606 1522 omen

253 1563 350 1610 sibi
395 1562 513 1608 facit
553 1561 695 1607 Asiae
747 1559 880 1606 bello
925 1557 1224 1620 quaerendae
1278 1574 1426 1620 quam
1467 1562 1605 1604 Persa

254 1647 394 1692 miles
432 1662 484 1691 ea
521 1655 813 1705 tempestate
852 1640 1142 1704 possidebat.

81 1755 242 1790 concur
357 1732 484 1773 X1X
521 1733 665 1773 Exim
707 1725 981 1788 praemittit
1015 1725 1388 1771 Parmenionem
1435 1737 1484 1771 et
1528 1730 1609 1773 At-

19 1813 112 1846 ritur
162 1824 243 1846 cum
260 1813 416 1857 talum
463 1811 634 1863 duces,
684 1810 770 1871 qui
814 1820 1024 1870 satrapas
1060 1811 1177 1852 ·V11·
1213 1825 1413 1854 omnem
1448 1811 1611 1856 Asiam

22 1869 243 1962 ἒῖέἒῖωῃῖἀ
258 1893 625 1957 praetendentes
654 1891 971 1938 irritamentis
991 1907 1015 1935 a
1037 1907 1087 1936 se
1110 1907 1159 1936 se
1182 1891 1464 1938 diducerent
1484 1911 1615 1955 spai-

260 1990 548 2043 gerzentque
597 1978 830 2038 quoniam
865 1977 1025 2038 piimo
1063 1973 1293 2021 conflictu
1328 1976 1387 2022 de
1421 1995 1610 2026 summa

260 2060 382 2107 belli
418 2060 699 2112 decernere,
757 2059 1042 2120 priusquam
1077 2075 1186 2104 suos
1220 2059 1272 2102 in
1307 2060 1400 2106 hoc
1436 2062 1614 2108 erudis-

259 2156 358 2198 set,
405 2142 674 2190 Alexander
723 2141 1012 2188 declinabat.
1083 2140 1175 2187 Secl
1224 2142 1355 2187 euim
1399 2156 1615 2207 satrapae

294 2280 346 2310 (a)
371 2278 456 2307 cod.
482 2279 518 2307 in
543 2278 710 2306 &rimone
732 2278 862 2307 incor1s.
900 2278 976 2306 Nisi
1001 2276 1079 2313 quis
1105 2276 1235 2306 mavult
1261 2280 1296 2307 in
1322 2280 1494 2316 Strymone
1515 2278 1615 2310 bicor.

263 2328 317 2357 ni:
343 2328 394 2356 ibi
419 2328 511 2356 euim
537 2335 657 2363 reapse
681 2326 836 2354 bicorni·
862 2332 914 2356 est
937 2327 1111 2362 Strymon.

324 2453 382 2499 (1)
426 2456 603 2488 Consonat
642 2453 716 2485 fere
750 2453 930 2486 Diodorus
966 2461 1070 2485 xvu.
1102 2459 1155 2486 17.
1192 2453 1252 2498 qui
1291 2454 1339 2486 ait
1371 2454 1617 2488 Alexandrum

267 2519 365 2544 trans
398 2512 671 2557 Hellespontum
699 2509 821 2543 tulisse
853 2508 1069 2545 Macedonas
1102 2510 1240 2555 pedites
1268 2522 1340 2544 nou
1367 2511 1446 2556 plus
1480 2510 1617 2545 duode-

269 2568 340 2602 cim
372 2568 484 2602 mille.
