1752 3116
346 165 424 203 232
715 161 1069 203 ALEXANDRI
1099 163 1300 202 OBITVS

348 276 528 331 „talem
563 287 646 321 aut
680 274 973 322 desiderium
1015 292 1249 336 umquam
1294 273 1448 319 indici
1491 273 1689 336 imperii
1751 265 1752 285 ³

350 359 617 413 „adstitisse
631 359 708 403 (a>3
757 359 840 404 sed
887 359 1020 404 enim
1066 374 1264 404 omnem
1309 358 1449 402 illam
1496 373 1690 403 causam

350 443 559 504 „proelii
593 444 714 487 hanc
749 441 915 494 fuisse,
950 441 991 486 si
1027 442 1357 502 experimento
1403 440 1509 500 ipso
1554 438 1694 485 forti-

351 525 560 580 „tudinis
596 542 732 578 suae,
768 536 929 588 gentes
965 540 1160 585 quoque
1183 536 1366 569 ceterae
1397 521 1692 574 didicissent,

352 609 656 664 „amicitiam
689 624 823 653 suam
859 608 1070 671 singulos
1095 603 1139 635 <bs
1174 607 1324 670 magis
1373 621 1521 667 quam
1554 604 1695 650 vehe-

352 692 622 747 „mentiam
658 692 878 753 experiri.
927 691 1194 737 Convenire
1229 690 1378 754 igitur
1411 689 1540 733 irent
1569 686 1696 748 quis·
1733 753 1737 758 .

352 790 478 835 „que
514 773 563 817 in
602 790 707 827 sua,
744 790 832 819 nec
868 774 996 818 ultra
1042 774 1301 835 quicquam
1347 771 1405 817 de
1450 771 1696 817 victorum

353 856 645 910 „insolentia
681 856 1002 918 trepidarent:
1054 874 1163 903 cum
1198 858 1284 902 illa
1329 872 1521 917 quoque
1557 869 1696 900 causa
1743 881 1747 886 ·

352 970 372 994 ,‚
387 939 444 984 ab
481 939 814 1003 indignatione
848 941 1047 987 victoris
1100 958 1199 986 sese
1249 941 1418 1001 utique
1462 948 1698 988 tueretur,

354 1022 515 1085 „quod
549 1024 769 1085 plerique
803 1024 992 1070 soleant
1023 1024 1075 1068 in
1111 1024 1354 1069 ultionem
1387 1021 1564 1085 prioris
1586 1035 1701 1065 con-

355 1107 619 1159 „tumeliae
655 1108 844 1168 insequi
879 1119 1140 1168 superatos.
1209 1111 1322 1153 Non
1370 1107 1501 1152 enim
1552 1101 1700 1149 Indos

355 1191 556 1250 „culpae
590 1189 722 1233 illius
744 1190 788 1221 (θ)
824 1207 929 1235 reos
964 1189 1092 1251 apud
1127 1207 1179 1237 se
1216 1189 1385 1241 fuisse,
1422 1203 1594 1233 verum
1611 1189 1702 1231 Po-

356 1301 376 1324 >›
391 1289 501 1316 rum
540 1272 621 1332 qui
669 1284 739 1316 sat
783 1271 875 1317 sibi
922 1290 1189 1334 poenarum
1238 1289 1330 1333 qua
1359 1269 1413 1303 (ἅ)
1456 1271 1536 1315 lex
1582 1267 1702 1314 belli

357 1355 581 1408 „monuit
615 1356 943 1417 praestitisset.
975 1355 1066 1401 Sed
1100 1374 1160 1401 ne
1194 1356 1287 1417 ipsi
1333 1354 1532 1417 quidem
1577 1353 1705 1399 ultra

358 1439 488 1492 „iam
525 1441 677 1485 hostis
715 1456 851 1492 suni,
890 1440 970 1484 ait.
1010 1440 1139 1501 Quin
1187 1440 1335 1484 etiam
1381 1440 1552 1484 hortor
1597 1453 1703 1482 mo-

361 1540 583 1584 „neoque
618 1539 704 1568 vos
738 1523 813 1567 uti
848 1540 1034 1585 regem,
1071 1535 1124 1567 ut
1156 1522 1225 1568 fas
1274 1522 1424 1585 exigit
1470 1533 1518 1566 et
1562 1519 1703 1566 vobis

215 1583 342 1620 Pacem

159 1642 237 1675 Indi
263 1657 341 1678 eum
362 1607 546 1659 „moris
582 1618 678 1658 est,
717 1607 991 1667 sepulturae
1026 1605 1246 1651 inferatis
1269 1617 1302 1650 <<.
1349 1604 1421 1650 Ad
1442 1605 1560 1648 haec
1572 1602 1703 1647 dicta

157 1699 319 1732 Alexan-
360 1688 621 1735 Alexandri
673 1705 771 1734 non
827 1700 1110 1734 cunctanter
1153 1688 1352 1749 quidem
1395 1686 1706 1748 adquieverat

161 1755 224 1787 dro
244 1770 343 1792 com-

160 1823 299 1858 ponunt
361 1773 431 1816 vis
467 1771 713 1817 Indorum.
762 1771 852 1817 Sed
887 1774 1017 1816 enim
1066 1770 1337 1817 Alexandro
1381 1787 1480 1817 non
1528 1768 1710 1830 absque

363 1855 471 1898 utili
510 1855 743 1914 sapientia
789 1856 906 1900 haec
949 1855 1200 1900 humilitas
1242 1854 1449 1907 sederat,
1496 1869 1610 1898 cum
1657 1863 1706 1897 et

365 1937 467 1980 vim
502 1936 716 1981 indicam
749 1955 888 2000 saepe
927 1950 1148 1999 expertus
1181 1937 1328 1991 foret,
1382 1948 1430 1983 et
1480 1937 1707 1997 pleraque

367 2019 571 2080 praedae
608 2038 782 2066 eorum
819 2038 938 2082 quae
973 2039 1136 2067 secum
1171 2023 1381 2083 plurima
1417 2021 1572 2083 gentis
1593 2035 1706 2065 suae

367 2119 504 2148 more
538 2102 646 2147 Indi
683 2104 742 2149 ad
778 2105 1019 2166 proelium
1055 2106 1260 2157 vehunt,
1303 2105 1355 2148 in
1391 2121 1529 2149 suam
1572 2115 1708 2165 pote·

367 2195 539 2229 statem
575 2187 716 2231 sciret
753 2204 852 2232 esse
885 2189 1165 2249 translapsa.

196 2261 348 2297 ᾹῘΡΧΠΠ-

465 2271 588 2315 XVI.
637 2274 792 2331 Quare
827 2269 1025 2315 domitis
1050 2270 1268 2317 hostibus
1305 2282 1708 2333 avectaqueprae·

170 2318 231 2350 ‘les
274 2323 347 2355 adit

153 2387 347 2419 gvmnoso-
367 2351 448 2404 da,
486 2351 545 2397 ad
585 2353 943 2413 Oxydracontas
984 2356 1046 2407 θ),
1094 2371 1214 2415 quae
1248 2371 1362 2417 gens
1400 2355 1527 2399 exim
1564 2356 1706 2409 colit,

163 2435 306 2475 l‘3¹¹·'‘²-⁴³·
397 2455 448 2485 (a)
473 2452 558 2482 cod.
581 2454 778 2482 adsumset.
819 2453 863 2487 (ῖι)
890 2458 937 2483 lta
966 2455 1040 2484 codv
1071 2454 1231 2494 singulos.
1272 2457 1398 2484 confer
1436 2457 1595 2486 itinerar.
1632 2466 1706 2494 cap.

367 2512 444 2531 cvi.
471 2513 503 2531 n.
529 2502 557 2532 b.
596 2508 627 2537 (c
669 2507 715 2531 lta
743 2505 816 2532 cod.
841 2506 897 2532 scd
922 2506 1064 2534 fortasse
1095 2504 1280 2534 dicendum
1313 2505 1424 2535 ullius.
1460 2505 1513 2539 (ael)
1548 2508 1593 2535 lta
1630 2509 1705 2536 cod.

378 2553 430 2579 ιὶεἰ
456 2554 558 2580 mn‘is
584 2564 679 2590 quas.
715 2557 759 2586 (e)
785 2556 867 2584 Cod.
899 2555 1158 2593 (hydraconmr.
