1752 3116
226 755 611 806 Em'roms
670 731 1149 808 mmm-rm.

91 1013 129 1054 Ῑ-
159 979 449 1081 QVAMQVAM
501 1021 547 1060 in
587 1036 632 1060 re
674 1019 878 1062 historica
919 1022 1129 1061 sincerum
1181 1029 1224 1059 et
1272 1020 1372 1059 sim·
1406 1031 1604 1073 Historiae,

20 1070 123 1125 plex
163 1075 378 1115 scribendi
415 1093 546 1135 genus
582 1093 646 1116 me
685 1092 784 1131 prae
822 1080 974 1118 ceteris
1019 1077 1205 1116 adamare
1237 1091 1370 1131 nuper
1388 1101 1478 1136 quae
1530 1089 1606 1121 edi..

25 1126 243 1182 professus
275 1146 368 1172 sum
385 1137 459 1183 (²),
489 1144 627 1173 tamen
660 1135 874 1175 inventam
894 1136 1000 1174 Iulii
1022 1136 1182 1175 Valerii
1210 1135 1254 1172 in
1288 1149 1371 1172 am-
1389 1138 1470 1188 tur,
1499 1155 1604 1181 vetu-

21 1183 225 1227 hrosiano
253 1189 396 1230 codice
414 1191 464 1224 (²)
494 1190 612 1231 valde
634 1189 812 1241 fucatam
840 1201 884 1229 et
907 1191 1211 1230 redundantem
1236 1192 1371 1229 histo·
1389 1212 1473 1238 stas.

2 1241 155 1292 riam,
185 1245 325 1285 nullus
358 1247 479 1300 plane
513 1247 708 1286 dubitavi
738 1248 844 1300 quin
879 1249 916 1286 si
948 1248 1146 1301 protinus
1187 1246 1371 1294 ederem,

23 1296 137 1336 hene
163 1304 315 1341 mereri
342 1302 392 1341 de
418 1319 464 1342 ea
486 1301 683 1342 facultate
709 1302 891 1343 viderer.
932 1304 989 1342 Et
1012 1303 1062 1341 de
1089 1303 1372 1358 scriptoribus

28 1354 202 1408 quidem
231 1368 322 1397 tum
343 1360 518 1415 Aesopo
556 1374 578 1397 a
617 1373 702 1412 quo
731 1374 878 1416 graece
912 1359 1108 1398 conditus
1137 1360 1246 1398 liber
1281 1370 1373 1407 est,

25 1419 116 1450 tum
140 1413 251 1453 Iulio
277 1416 447 1455 Valerio
471 1432 494 1454 a
518 1428 602 1470 quo
629 1414 680 1452 ad
700 1415 855 1454 latinos
878 1417 1122 1465 translatus,
1153 1417 1261 1454 nihil
1284 1415 1375 1454 fere

27 1467 163 1508 haheo
188 1471 301 1524 quod
326 1471 485 1521 dicam,
516 1486 646 1527 quum
669 1469 864 1510 funditus
891 1487 1057 1511 omnem
1083 1474 1280 1511 notitiam
1306 1487 1376 1510 ae-

32 1534 95 1562 tas
130 1525 353 1569 deleverit.
421 1529 505 1568 Sed
548 1528 659 1566 enim
698 1530 836 1582 ipsius
883 1530 1031 1585 scripti
1063 1539 1255 1569 vetustas
1293 1532 1377 1583 (ut

30 1579 112 1619 iam
151 1581 201 1622 de
231 1584 376 1625 codice
407 1585 674 1625 ambrosiano
703 1585 848 1624 sileam
878 1587 952 1641 qui
993 1586 1106 1624 mille
1140 1585 1269 1625 ferme
1303 1584 1378 1623 ab·

29 1636 129 1678 hinc
149 1642 269 1681 annis
294 1653 488 1681 exaratus
512 1644 605 1696 est)
637 1641 872 1681 luculenter
903 1657 948 1681 se
971 1642 1144 1698 prodit,
1177 1642 1376 1697 quoniam

30 1695 96 1733 vel
125 1696 262 1737 Iulius
287 1698 509 1749 Valerius,
539 1698 609 1739 vel
634 1688 963 1754 certefiesopus
995 1699 1041 1737 id
1067 1714 1173 1754 opus
1200 1699 1377 1738 adorna-

0 1781 1 1802 ³
29 1748 133 1791 hant
153 1755 326 1812 vigente
354 1757 584 1796 etiamnum
595 1754 875 1795 Alexandriae
898 1757 1056 1810 templo
1083 1755 1377 1810 Serapidisffl),

27 1807 314 1866 incolumique
336 1811 568 1851 Alexandri
587 1812 750 1850 tumulo
772 1814 846 1861 (4),
879 1812 1152 1867 eiusdemque
1178 1813 1244 1850 die
1266 1825 1378 1849 mor-

28 1868 171 1906 tuario
195 1867 491 1907 ·sollemnibus
535 1867 668 1906 adhuc
704 1867 860 1906 ritibus
911 1869 957 1906 in
999 1883 1045 1907 ea
1096 1869 1201 1907 urbe
1247 1882 1378 1906 sacra-

27 1930 76 1960 to
108 1923 175 1962 ³⁵).
236 1923 426 1964 Iamvero
459 1939 588 1979 quum
623 1922 849 1978 Serapeum
888 1939 994 1963 anno
1029 1935 1129 1980 post
1161 1924 1378 1964 Christum

27 1989 172 2018 natum
202 1997 453 2022 cccnxxmx.
499 1980 736 2019 Theodosii
768 1982 865 2035 imp.
892 1981 1031 2020 edicto
1065 1984 1250 2022 solutum
1283 1994 1376 2034 esjse

30 2045 200 2074 constet
218 2037 293 2086 (6);
336 2037 460 2078 divus
492 2039 596 2076 item
627 2038 806 2075 Ioannes
842 2035 1171 2090 Chrysostomus
1195 2032 1377 2078 Alexanss

32 2092 99 2132 dri
121 2093 390 2148 sepulchrum
411 2094 463 2133 de
484 2093 625 2132 medio
650 2094 862 2133 sublatum
887 2096 1065 2150 eiusque
1093 2110 1270 2135 annuam
1294 2108 1379 2132 me-

92 2268 156 2321 (1)
188 2271 356 2307 Praefatio
385 2271 431 2304 ad
459 2271 623 2307 Itinerar.
653 2284 730 2319 cap.
761 2282 818 2308 xv·

95 2326 158 2378 (2)
189 2329 328 2363 Eadem
357 2328 533 2374 praefatio
562 2341 639 2375 cap.
667 2339 714 2365 Π.

95 2382 158 2434 (3)
189 2386 301 2420 Iulius
326 2385 492 2419 Valerius
519 2385 581 2420 lib.
605 2388 636 2422 I.
668 2398 744 2433 cap.
767 2396 887 2424 xxxx.

95 2438 158 2491 (4)
191 2443 293 2477 Idem
321 2443 384 2477 lib.
405 2443 472 2477 111.
502 2454 578 2488 cap.
606 2452 704 2478 xc11.
805 2487 808 2489 Β

93 2494 156 2547 (5)
188 2499 289 2533 Idem
316 2499 381 2535 lib.
410 2500 475 2534 111.
508 2511 583 2544 cap.
612 2508 760 2535 xcvnI.

96 2551 159 2603 (6)
188 2556 414 2590 Marcellinus
443 2557 570 2590 comes
593 2556 629 2590 in
652 2556 830 2591 Chronico
854 2554 1012 2591 Timasio
1038 2564 1072 2590 et
1093 2557 1266 2593 promoto
1287 2568 1373 2591 eos<.
