1752 3116
502 174 604 215 SEV
628 176 802 217 LIBER
821 174 879 216 11.
1275 179 1322 213 21
1333 180 1351 211 1

14 287 256 342 „deserast
294 288 452 351 siquid
488 290 620 335 enim
656 306 713 335 ex
749 289 914 334 animo
950 300 1021 334 est
1045 287 1175 350 quod
1211 288 1352 333 iusse-

13 401 33 425 ‚‚
46 372 132 424 ris,
172 383 331 418 ratum
368 371 546 418 habeto
582 389 725 436 regna
758 385 807 417 te
840 384 920 416 tua
958 382 1266 432 recepturum
1281 369 1354 415 fu·

13 465 308 516 „turumque
343 473 503 502 rursus
537 455 681 500 illum
717 455 799 515 qui
835 453 1024 499 fueris«.

117 541 330 584 XXXVI.
375 539 465 584 Sed
501 537 560 584 ad
594 539 712 582 haec
753 537 931 582 Darius
986 537 1213 601 exsangui
1257 537 1358 582 iam
1395 541 1588 604 'Dari-imo-

17 636 222 683 corpore
255 639 367 667 curn
402 638 521 666 voce
565 623 715 668 etiam
757 620 817 666 ad
860 622 1078 682 primum
1123 622 1360 682 impetum
1376 606 1588 631 ‘mmmm'

18 702 327 758 deficeretur,
364 720 533 750 manus
568 705 806 765 supplices
840 704 1040 750 tendens
1076 704 1363 750 adtrectans-

20 801 112 848 que
146 804 299 852 genua
336 786 596 834 Alexandri
630 787 898 833 adsistentis
937 799 984 833 et
1015 787 1364 848 circumplexus

20 880 77 914 ut
110 883 327 931 poterat,
365 869 563 915 tandem
583 867 762 915 talibus
785 871 1016 931 loquitur.
1053 873 1223 924 „Licet
1242 869 1366 915 mihi

21 951 151 1004 „iam
172 985 183 1005 ,
221 953 491 998 Alexander
526 953 945 1008 victoriosissime,
981 954 1033 998 in
1069 955 1157 998 hac
1193 953 1368 998 consti-

1381 663 1441 687 tio,

20 1046 161 1088 „tuto
197 1035 395 1081 fortuna
430 1035 677 1081 liberalius
712 1036 900 1097 aliquid
936 1053 1084 1098 quam
1121 1052 1242 1098 quae
1274 1035 1370 1080 vic-

24 1117 160 1171 „ti‘“)
196 1131 310 1165 sunt
343 1119 506 1180 loqui,
543 1118 691 1181 idque
726 1136 751 1164 a
788 1137 868 1165 me
896 1120 1104 1165 amicum
1141 1118 1233 1164 tibi
1269 1134 1370 1164 non

24 1201 301 1254 „hosticum
336 1214 487 1264 putes.
557 1205 689 1246 Inter
720 1185 848 1247 'haec
893 1201 1069 1247 blanda
1115 1202 1256 1247 verba
1305 1201 1373 1245 di·

26 1281 320 1347 ‚‚sceptes(²').
378 1290 660 1347 Numquam
700 1285 852 1349 igitur
896 1297 945 1331 te
989 1287 1105 1350 regii
1159 1284 1373 1331 nominis

26 1367 199 1421 „decus
231 1370 404 1416 tollat:
443 1385 530 1414 nec
564 1367 725 1429 siquid
766 1367 989 1414 blandius
1033 1368 1230 1414 fortuna
1266 1383 1376 1430 pro-

27 1452 246 1505 „miserit
268 1452 329 1505 (⁶),
355 1450 537 1497 idcirco
552 1463 598 1496 te
633 1451 753 1497 caeli
775 1450 1115 1513 competemffl)
1130 1451 1377 1497 arbitrare.

28 1537 321 1588 „Enimvero
358 1535 622 1581 consultius
658 1534 835 1580 futuris
869 1552 1012 1596 quam
1047 1533 1380 1597 praesentibus

30 1620 300 1672 „consules
347 1618 489 1662 Nihil
535 1616 669 1662 enim
718 1618 919 1663 interest
963 1618 1094 1680 quod
1145 1617 1382 1679 dispescat

31 1702 245 1765 „regiam
279 1712 498 1746 nostram
534 1711 581 1746 et
627 1699 901 1762 plebiculae
936 1701 1238 1766 dignitatem,
1308 1703 1382 1744 En

33 1783 161 1838 „tibi
195 1784 280 1829 ille
315 1785 523 1837 Darius,
571 1783 702 1828 nosti
738 1785 919 1845 quippe
966 1786 1050 1845 qui
1084 1784 1264 1829 fuerim
1300 1781 1384 1826 do·

35 1868 230 1922 „minus
266 1878 315 1912 et
350 1870 482 1911 Deus
530 1866 714 1910 scilicet
758 1867 958 1912 huiusce
1003 1866 1174 1911 mundi
1225 1864 1385 1910 existi·

37 1962 255 2005 „matus‚
292 1960 348 1994 ut
382 1949 594 1995 flebilem
630 1962 842 1995 mortem
879 1959 1058 2012 Oppeto
1086 1948 1149 1996 (ε).
1187 1947 1279 1995 Sed
1304 1948 1386 1990 ha·

35 2034 161 2089 >‚beo
199 2032 358 2079 obitus
404 2033 603 2079 huiusce
639 2033 817 2097 grande
862 2032 1120 2084 solatium,
1168 2029 1298 2092 quod
1336 2029 1388 2072 in

39 2116 446 2179 „tuisfmanibus
505 2117 634 2161 hunc
679 2117 907 2178 spiritum
966 2118 1065 2161 iam
1122 2112 1388 2162 effundam,

39 2206 230 2264 „Quare
278 2216 453 2261 quaeso
499 2216 597 2246 non
641 2199 856 2245 invideas
893 2200 1212 2260 sepulturam3
1247 2212 1393 2258 quam

42 2284 202 2340 „mihi
236 2299 330 2327 una
365 2299 479 2328 cum
513 2283 666 2329 Persis
702 2283 775 2328 tui
807 2282 1099 2328 Macedones
1136 2296 1394 2343 exsequan-

79 2522 132 2556 (α)
157 2520 237 2550 Cod.
271 2521 423 2556 uictoris,
466 2521 525 2548 ned
561 2521 751 2551 videbatur
783 2520 966 2550 dicendum
997 2522 1084 2550 victi.
1145 2517 1194 2552 (b)
1230 2521 1280 2548 tta
1314 2517 1392 2548 cod.

51 2573 97 2606 (c)
121 2572 201 2602 cod.
223 2572 440 2610 promiserat.
476 2570 529 2604 (d)
553 2571 628 2600 vid.
654 2571 836 2608 legendum
860 2578 1048 2609 compotem.
1089 2571 1133 2600 (e)
1153 2568 1232 2597 uod.
1261 2574 1393 2606 appeto.

1026 2607 1127 2659 14*

1747 201 1752 220 —.
1731 122 1752 173 anfi
1730 0 1752 111 'net-§iis-
