1752 3116
507 174 611 214 SEV
652 172 828 216 LIBER
855 173 891 214 Ι.
1293 182 1372 216 111,

26 288 257 335 Nicolaus
280 288 435 335 astitit
456 304 665 342 carcere,
699 286 909 335 secundo
930 288 1185 343 Xanthias,
1221 289 1369 336 tertio

27 376 222 426 Conon,
275 385 449 434 quarto
499 373 848 425 Clitomachus,
896 371 1129 417 Balcheus
1166 371 1367 432 quinto,

22 454 293 517 Aristippus
331 468 465 501 sexto
499 456 552 500 in
585 455 720 508 loco,
755 455 920 501 Pierus
951 453 1183 514 septimo,
1218 455 1368 499 Alcan

22 548 221 591 octavo,
257 538 527 584 Alexander
556 549 667 600 post
698 553 846 584 nono.
915 537 983 582 Hi
1005 552 1119 581 cum
1140 552 1197 581 ex
1230 551 1371 582 more

21 620 134 666 artis
168 633 312 682 atque
352 620 631 666 certaminis
678 620 962 665 institissent
1007 617 1254 673 curribus,
1312 619 1370 663 li-

20 715 202 765 tuoque
247 704 440 767 signum
483 704 787 749 sollemniter
832 702 1148 763 increpasset,
1205 700 1369 747 cuncti

21 802 116 831 una
151 786 430 848 prosiliunt.
494 785 759 831 Enimvero
791 782 1060 831 Alexander
1094 795 1195 829 erat
1230 798 1369 844 quar·

19 881 94 914 tus
130 885 156 914 a
190 869 376 930 primo,
414 869 621 915 Nicolao
656 869 857 929 propius
875 867 926 899 (α)
962 866 1270 927 insequente,
1320 878 1370 912 et

18 967 100 1011 spe
135 952 368 998 transitus
404 965 452 998 et
496 951 676 997 infesto
714 949 944 1002 consilio,
989 961 1045 994 ut
1085 950 1126 994 si
1160 961 1373 1011 praeter-

16 1032 130 1077 vehi
164 1046 332 1094 queat,
367 1051 468 1080 non
502 1033 681 1096 absque
712 1032 931 1094 periculo
957 1031 1222 1078 Alexandri
1256 1048 1369 1078 con-

17 1116 156 1162 sulat.
224 1115 281 1161 Id
309 1116 506 1178 quidem
536 1117 683 1162 illum
716 1132 814 1162 non
845 1115 958 1160 satis
989 1115 1190 1179 fugerat.
1239 1119 1368 1161 Nam

17 1209 67 1244 et
101 1214 239 1246 causa
275 1199 379 1245 odii
413 1198 782 1251 commonebat,
834 1196 968 1258 quod
1002 1197 1134 1243 bello
1172 1198 1369 1243 Nicolai

15 1293 207 1343 patrem
253 1283 508 1344 Philippus
565 1281 891 1342 oppressisset.
961 1280 1117 1343 Igitur
1163 1291 1268 1326 astu
1314 1297 1367 1328 se

16 1364 222 1417 dedebat
255 1364 526 1413 Alexander
561 1381 586 1410 a
613 1363 820 1409 Nicolao
855 1362 1121 1424 praeteriri.
1177 1363 1366 1425 Quippe

16 1449 114 1494 iam
160 1447 331 1501 ceteri,
392 1447 479 1509 qui
521 1462 666 1491 cursu
709 1455 1081 1507 praevenerant,
1137 1445 1222 1489 alii
1267 1446 1365 1491 alio

16 1537 141 1577 casu·
169 1528 387 1591 prolapsi
429 1530 643 1592 primam
688 1544 826 1589 spem
872 1527 1139 1590 potiundae
1172 1529 1366 1591 palmae

15 1614 221 1660 Nicolao
252 1611 446 1659 dabant.
502 1612 599 1676 Qui
630 1628 745 1657 cum
773 1609 924 1656 finem
959 1611 1237 1658 certaminis
1264 1612 1367 1659 iam

14 1708 268 1760 sperasset,
315 1695 467 1742 infert
507 1712 608 1743 sese
639 1694 908 1741 Alexander
953 1706 1071 1741 voto
1106 1697 1366 1757 praeterla-

16 1779 178 1826 bendj.
229 1777 306 1825 Ad
340 1778 469 1825 hunc
504 1790 733 1826 conatum
769 1777 903 1838 equis
937 1777 1131 1822 Nicolai
1167 1793 1364 1823 conver-

14 1861 259 1915 tentibus,
311 1860 525 1906 titubans
562 1860 727 1907 dexter
762 1876 912 1921 equus
935 1855 981 1891 (ὅ)
1020 1860 1366 1921 cernuantique

13 1944 301 2009 persimilis,
345 1944 622 2006 implicatos
671 1945 882 2005 reliquos
923 1958 1087 1988 secum
1130 1953 1362 1987 moratur.

15 2030 161 2076 Enim
190 2040 306 2073 tunc
326 2027 594 2073 Alexander
625 2026 891 2079 subiciens,
928 2038 1226 2087 praeteraeto
1254 2042 1366 2087 pro-

60 2199 112 2231 (α)
139 2197 222 2225 Cod·
255 2198 363 2233 prius.
403 2193 450 2229 (b)
473 2195 560 2224 Cod.
591 2193 755 2226 dexterae
785 2197 893 2228 medis
925 2195 1170 2233 cernuantiqne
1187 2197 1256 2222 etc.
1299 2193 1366 2221 Lo·

15 2255 93 2276 cum
118 2245 301 2274 emendavi
329 2253 395 2282 ope
420 2244 550 2274 codicis
574 2247 699 2280 graeci.

16 2378 199 2425 Quoniam
228 2389 312 2410 vero
349 2375 445 2422 apud
466 2377 684 2422 antiquiores
707 2376 905 2410 Alexandri
933 2375 1119 2408 historicos
1142 2375 1240 2408 nulla
1262 2373 1366 2406 vide-

19 2444 79 2469 tur
108 2447 183 2468 esse
207 2434 342 2468 mentio
373 2434 504 2466 curulis
535 2433 640 2465 huius
671 2433 842 2466 victoriae
875 2433 919 2464 ad
953 2433 1189 2476 Olympiam,
1231 2430 1362 2463 idcirco

21 2493 183 2538 suspicor.
207 2503 225 2523 e
249 2499 447 2524 memorato
471 2489 670 2523 Alexandri
696 2490 790 2522 dicto
816 2497 930 2522 totam
954 2489 1044 2522 hanc
1071 2490 1111 2522 Ἰ·
1138 2487 1276 2520 Valerii
1307 2497 1363 2519 se·-

19 2549 258 2596 quiorumque
288 2547 432 2608 aliquot‘
444 2546 657 2592 scriptorum
678 2546 923 2580 narrationem
944 2544 1053 2578 fuisse
1081 2544 1283 2580 conflatam.

130 2741 143 2758 l
