1732 3121
567 202 669 242 SEV
695 200 870 241 LIBER
888 199 968 240 111.
1353 201 1432 239 285

77 332 159 361 rex
193 313 474 380 diligentius
512 326 786 377 quaereret,
840 315 957 360 haec
1002 313 1165 360 addit:
1224 318 1264 360 O
1312 312 1430 375 quid

77 400 231 452 enim,
268 399 457 460 inquit,
495 415 524 445 0
549 399 624 444 vir
643 413 855 450 summe,
893 397 1124 458 quicquid
1151 414 1208 442 ex
1227 397 1428 443 homine

76 481 238 528 foetus
274 482 355 527 hic
390 480 555 535 habet,
600 479 661 526 ad
695 492 744 525 te
777 479 1013 540 pertinet:
1052 479 1183 541 quod
1219 497 1332 526 vero
1355 491 1428 526 est

72 563 236 610 subter
258 565 310 596 (α)
345 575 492 625 atque
524 548 728 616 beluile‚
769 563 1065 624 quicumque
1112 561 1202 608 tibi
1239 562 1426 608 subditi

71 660 188 694 sunt
222 659 272 693 et
305 646 527 693 subiecti,
574 646 623 692 Si
654 645 804 709 igitur
839 662 891 691 ea
927 662 1036 708 pars
1060 661 1182 707 quae
1217 663 1424 708 superna

71 743 143 778 est
177 732 363 778 viveret
397 741 446 776 et
478 740 785 781 moveretur,
823 729 965 774 sicuti
1000 730 1142 784 haec,
1193 745 1315 790 quae
1350 729 1424 774 in-

69 814 143 860 fra
179 825 317 868 sunt,
358 812 572 866 Faciunt,
620 823 674 857 tu
717 829 829 858 sane
873 811 1116 858 obtineres
1167 828 1219 858 ac
1267 811 1422 858 domi-

67 915 237 944 narere
271 907 578 943 cunctorum.
634 894 724 941 Sed
768 896 999 957 quoniam
1051 911 1183 940 secus
1231 907 1321 950 est,
1368 896 1422 941 in

67 981 367 1028 contrarium
402 977 804 1043 intelligendum:
842 978 936 1024 nisi
973 977 1107 1040 quod
1153 979 1190 1023 ii
1227 995 1422 1041 quoque

68 1063 165 1126 ipsi
199 1060 504 1108 dissidebant
549 1077 708 1123 neque
756 1073 1038 1126 congruent.
1098 1061 1242 1107 Vides
1289 1065 1419 1108 enim

68 1147 280 1208 dispares
315 1145 498 1191 formas
533 1161 690 1206 neque
725 1145 854 1189 inter
889 1161 938 1190 se
973 1144 1175 1197 amicas,
1214 1161 1266 1190 ac
1286 1162 1421 1206 pror—

65 1246 144 1276 sus
177 1228 361 1275 beluile
406 1228 684 1274 saevientes.
740 1233 898 1289 Atque
941 1228 992 1272 hi
1040 1227 1239 1294 quidem
1292 1229 1420 1273 inter

65 1330 115 1359 se
150 1328 320 1358 ornnes
363 1323 414 1357 te
459 1323 721 1373 oppetente
768 1311 1051 1357 dissentient
1097 1310 1420 1355 dimicabunt-

67 1413 174 1458 que.
222 1395 311 1441 His
347 1395 486 1441 dictis
522 1396 758 1456 interpres
795 1395 917 1440 ierat
946 1411 1196 1439 aversurus
1235 1395 1420 1439 scilicet

70 1479 206 1540 siqua
241 1490 403 1539 posset
438 1489 486 1523 et
521 1489 772 1523 exusturus
808 1479 1080 1543 religiosius
1116 1479 1328 1538 portenti
1362 1479 1419 1522 il-

63 1561 156 1606 lius
190 1561 345 1625 minas
363 1560 425 1605 (¹).
483 1559 753 1606 Alexander
788 1579 902 1608 vero
939 1562 1104 1608 animo
1142 1572 1415 1606 consterna-

108 1715 172 1748 (α)
197 1715 278 1744 Cod.
304 1724 416 1752 super.

123 1841 181 1886 (1)
213 1841 320 1887 Quod
343 1842 482 1878 adtinet
501 1844 545 1877 ad
575 1845 642 1877 hoc
657 1846 850 1879 monstrosi
863 1847 981 1880 foetus
1003 1847 1212 1892 prodigium
1236 1848 1416 1880 eiusdem-

63 1911 133 1946 que
154 1899 451 1943 explicationem,
474 1900 688 1934 conferenda
711 1901 852 1936 videtur
875 1905 1028 1939 Senecae
1056 1905 1219 1939 Suasoria
1239 1915 1298 1941 1v.
1314 1905 1414 1938 cuius

63 1963 314 2002 argumentum
338 1964 414 1989 est:
447 1957 635 1991 Deliberat
658 1956 873 1992 Alexander
896 1959 974 1993 ·M·
997 1973 1043 1993 an
1077 1959 1325 2007 Babyloniam
1361 1962 1416 1993 in-

63 2022 133 2046 tret
148 2037 160 2055 ,
190 2025 265 2045 cum
278 2012 524 2048 denunciatum
540 2024 631 2048 esset
653 2012 711 2046 illi
724 2028 890 2061 responso
908 2017 1054 2063 auguris
1073 2016 1280 2063 periculum.
1299 2019 1411 2052 Porro

64 2070 129 2103 sub
157 2068 266 2102 finem
301 2069 374 2103 eius
411 2071 595 2105 Suasoriae
619 2071 706 2104 haec
733 2072 928 2117 leguntur:
979 2072 1243 2108 Declamitabac
1284 2073 1413 2107 Fuscus

66 2125 251 2160 Aurellias
275 2129 549 2162 coutroversiam
583 2128 626 2161 de
652 2126 719 2160 illa
754 2142 842 2176 quae
874 2139 1000 2176 postea
1033 2143 1135 2177 quam
1166 2140 1220 2164 ter·
1255 2139 1410 2164 mortuos

66 2191 280 2229 pepererat,
307 2185 499 2218 somniasse
523 2198 560 2218 se
583 2185 733 2219 dixitne
754 2187 790 2218 in
824 2184 903 2221 luco
933 2196 1088 2233 pareret.
1143 2186 1262 2222 Valde
1291 2189 1326 2219 in
1349 2199 1411 2219 vos

66 2238 335 2273 contumeliosus
351 2238 491 2285 suem,
522 2244 552 2275 si
576 2251 687 2276 totam
711 2245 986 2276 controversiam
1016 2256 1119 2290 quam
1152 2256 1219 2291 ego
1247 2243 1411 2289 intelligo

67 2308 120 2329 me
144 2296 284 2338 dicere,
317 2297 446 2330 Fuscus
470 2298 690 2332 declamaret
705 2324 715 2341 ,
746 2308 780 2332 et
803 2309 948 2345 aperte,
988 2310 1048 2333 aut
1085 2312 1153 2333 non
1187 2300 1411 2347 agnoscentis

65 2364 232 2398 puerum,
264 2362 436 2387 tractaret
456 2353 570 2388 locum
601 2365 725 2389 contra
756 2358 916 2398 somnia,
958 2366 992 2390 et
1030 2357 1185 2390 Deorum
1216 2357 1409 2403 providen-

67 2409 178 2451 tiam,
211 2417 245 2441 et
273 2408 366 2442 male
387 2410 430 2443 de
455 2413 698 2457 magnitudine
721 2412 877 2446 Deorum
901 2413 1053 2447 dixisset
1078 2414 1204 2446 mereri
1235 2426 1325 2455 eum,
1351 2413 1409 2458 qui

67 2464 151 2498 illos
182 2466 275 2497 circa
297 2479 490 2512 puerperas
512 2470 676 2502 mitteret.
716 2470 837 2514 Atque
856 2470 950 2502 huno
979 2470 1122 2515 quidem
1145 2472 1263 2503 locum
1297 2470 1409 2504 Faber

71 2530 105 2555 et
128 2523 289 2555 Petreius
312 2523 349 2555 in
375 2525 466 2557 notis
495 2524 539 2556 ad
561 2526 730 2559 Senecam
755 2525 876 2558 dicunt
911 2527 1103 2565 mutilum3
1137 2535 1292 2561 ceterum
1318 2526 1409 2558 11ῐεί-

67 2590 136 2624 que
159 2578 298 2610 videtur
322 2581 452 2612 Fu÷cus
480 2581 730 2615 declamavisse
753 2592 873 2616 contra
897 2595 1022 2616 vanam
1052 2586 1323 2629 puerperiorum
1346 2583 1409 2615 ub-
