1752 3116
321 171 375 212 54
798 168 1190 211 ITINERARIVM

323 283 471 328 misso
516 284 665 330 Uxios
718 284 878 348 pergit
923 283 1131 330 efferum
1186 284 1443 330 hominum
1490 298 1663 347 genus,

325 382 531 427 quorum
586 369 764 429 quique
818 379 1104 428 campestres
1150 366 1282 412 dieto
1316 367 1369 399 (a)
1418 366 1665 411 audientes

321 449 482 495 fuere:
538 451 784 496 montium
831 466 946 496 vero
995 450 1183 495 incolae
1225 448 1284 494 de
1329 449 1424 495 soli
1467 448 1665 512 ingenio

319 532 582 580 ferociores
613 533 874 580 obstituros
905 549 1005 577 sese
1035 531 1419 584 obnuntiabant‚
1455 531 1508 575 ni
1528 546 1667 576 more

320 617 455 661 Darii
483 615 757 662 mercedem
779 615 873 661 sibi
895 615 1124 661 transitus
1148 614 1464 678 dependisset.
1500 614 1669 660 Enim·

321 716 436 744 vero
469 711 583 744 tunc
619 700 755 746 Uxiis
777 696 823 734 (ὅ)
858 700 1138 761 supervenit
1185 698 1502 760 improvisus,
1552 707 1669 742 stra-

321 783 479 844 tisque
536 782 693 829 obviis
743 785 943 830 celsiora
990 783 1237 829 montium
1287 779 1487 827 scandit.
1557 782 1670 824 Mu·
1733 783 1737 788 ’

320 876 421 910 tata
476 865 683 928 denique
739 865 1048 932 adrogantiae
1101 866 1206 912 vice
1251 864 1366 911 Uxii
1412 863 1670 928 vectigales

322 966 420 995 sese
455 950 615 995 eidem
649 950 953 1012 profitentur.

180 1075 306 1109 Perse-
422 1038 610 1080 LXVII.
659 1035 805 1082 Exim
851 1035 1031 1081 relictis
1078 1033 1162 1097 qui
1197 1033 1385 1098 gravius
1422 1030 1673 1078 armaban-

89 1131 201 1175 polim
247 1132 304 1165 di-
322 1129 403 1161 tur
446 1120 590 1178 Pylas
638 1119 782 1178 petiit
828 1118 992 1164 fauces
1047 1118 1296 1164 montium
1343 1118 1672 1179 persicorum,

87 1187 184 1232 ³3⁷³·
321 1200 486 1261 ibique
517 1199 731 1244 offendit
760 1200 1119 1247 Ariobarzanen
1152 1203 1202 1246 in
1236 1219 1285 1248 se
1315 1212 1556 1246 armatum
1578 1202 1676 1243 Da-

322 1284 384 1329 rii
420 1284 619 1329 nomine
666 1280 924 1343 studioque
962 1285 1074 1329 ·XL·
1112 1284 1312 1330 milibus
1356 1283 1578 1345 peditum
1624 1292 1674 1326 et

325 1367 550 1427 equitum
593 1367 908 1430 septingentis
945 1364 1177 1413 obviasse.
1248 1365 1344 1412 Ubi
1380 1378 1544 1412 tamen
1580 1363 1675 1410 sibi

323 1450 581 1513 ingenium
616 1449 741 1502 loci,
797 1465 944 1511 quam
989 1467 1159 1496 manus
1195 1450 1413 1497 hostium
1446 1450 1556 1511 plus
1591 1448 1676 1495 ob-

323 1534 475 1585 sistit;
515 1532 692 1578 docent
727 1533 909 1594 captivi
944 1533 1151 1579 circuitu
1185 1551 1322 1596 posse
1358 1533 1548 1580 consuli
1587 1531 1679 1577 dif-

328 1614 561 1662 ficultati:
601 1614 776 1677 quibus
812 1617 1112 1671 auscultans,
1160 1616 1254 1662 fide
1289 1615 1408 1662 dicti
1442 1617 1674 1678 praevisa,

328 1701 536 1745 emensis
571 1712 716 1746 nocte
750 1699 919 1746 stadiis
952 1702 1068 1747 ·LX·
1103 1701 1383 1762 supervenit
1416 1701 1569 1746 Persis
1604 1701 1678 1745 in·

329 1783 507 1828 territis
542 1781 678 1828 aditu
713 1783 885 1844 suique
918 1785 1108 1829 securis.
1165 1783 1322 1831 Caesis
1353 1782 1561 1845 denique
1594 1782 1679 1830 ob-

328 1865 663 1912 stinatioribus
698 1864 965 1928 fugatisve,
1016 1867 1142 1912 ultra
1177 1867 1447 1913 inoffensus
1472 1869 1518 1900 (⁶³
1550 1879 1679 1912 tran-

330 1949 393 1995 sit
419 1946 824 2012 Persepolimffl),
861 1947 1046 1995 divitiis
1077 1950 1425 1996 invitantibus:
1466 1951 1578 2012 Cyri
1599 1950 1678 1996 de-

330 2034 479 2096 nique
508 2045 650 2095 atque
670 2033 829 2078 Xersii
859 2033 986 2088 illic,
1025 2051 1112 2079 ceu
1137 2034 1178 2079 si
1213 2034 1365 2080 tutius
1396 2035 1522 2087 sitis,
1576 2035 1680 2080 the-

364 2188 418 2220 (a)
442 2187 512 2215 Cod
541 2187 635 2217 dictu
686 2185 737 2235 (Q
754 2188 839 2217 Cod.
858 2190 966 2219 iussis.
1008 2189 1054 2222 (c)
1079 2188 1163 2218 Cod.
1184 2188 1397 2225 inoffendius.
1437 2188 1490 2222 (d)
1515 2189 1600 2218 eod.
1618 2198 1680 2227 pro

332 2241 540 2281 Persepolim
563 2243 664 2272 habet
684 2243 764 2281 pde.

334 2375 503 2408 fluentem
528 2383 628 2407 vocat
657 2374 797 2420 Tigrim
818 2375 999 2408 Diodorus
1029 2381 1132 2407 Χτιῐ.
1158 2379 1212 2408 67.
1240 2385 1327 2409 XIX.
1355 2381 1410 2408 17.
1441 2375 1684 2408 Consulantur

337 2440 369 2464 et
392 2433 583 2465 Salmasius·
604 2433 753 2464 exst-vis.
773 2431 926 2476 plinian.
953 2444 987 2476 p.
1007 2434 1082 2466 493.
1110 2432 1282 2465 collau-ius
1306 2445 1431 2478 geogr.
1457 2441 1526 2464 vet.
1542 2433 1608 2465 111.
1624 2436 1678 2465 19.

337 2488 452 2534 deque
474 2488 527 2522 his
551 2488 725 2521 iudicium
745 2488 967 2522 celeberrimi
995 2488 1225 2523 Sancticrucii
1253 2502 1374 2527 exam.
1401 2488 1478 2523 crit.
1503 2487 1565 2521 des
1589 2489 1681 2522 msc.

336 2544 489 2578 ‹l'-¹llex.
514 2558 546 2591 p.
572 2550 648 2578 655.
