1752 3116
251 120 304 161 34
726 119 1122 173 ITINERAva

241 216 401 277 udam
449 243 771 294 suspectaret:
816 245 885 288 vet
928 246 998 280 est
1044 233 1233 280 creditu
1276 232 1420 280 facile
1467 233 1602 296 quod

250 315 546 361 conscientia
583 316 810 377 opinatur
854 316 913 373 ad
940 317 1022 369 sui
1065 318 1312 371 meritum.
1380 324 1448 364 Ea
1485 335 1597 382 ergo

249 396 505 458 reprobata
537 399 611 453 (ι),
681 417 740 446 ex
785 399 991 445 consilio
1037 400 1294 445 hominem
1340 401 1597 453 amolitur,

247 483 526 544 Pergenque
560 483 857 544 Panphyliae
891 483 1114 543 protinus
1149 483 1336 530 transit.
1397 521 1400 524 ⁴

31 593 130 626 Idem
145 591 232 626 Asi·
347 566 516 614 XXVI,
567 566 698 611 Hinc
731 565 985 627 Aspendiis
1021 565 1308 616 condicione
1336 565 1599 628 imperata,

15 661 72 682 am
113 649 231 712 mino-
250 662 362 692 cum
398 646 509 693 Side
544 647 789 702 tenderet,
837 664 995 709 neque
1030 647 1298 710 Aspendios
1334 648 1602 711 obsequen-

14 714 232 809 ἔπῐῖυῐτιιοῑίοΐ
249 741 319 775 tes
354 730 496 776 iussis
527 731 759 785 audisset,
797 740 1032 796 regressus
1065 749 1147 778 eos
1179 733 1445 794 captivavit
1473 745 1603 778 tran-

249 814 430 864 sitorie,
510 819 641 860 Tum
684 814 1093 862 itineremutato
1141 816 1374 861 Pisidiam
1403 818 1456 849 (a)
1504 832 1602 862 una

248 912 359 941 cum
392 899 603 942 exercitu
634 896 892 958 repedans,
929 898 1076 944 reniti
1105 914 1270 944 ausam
1297 899 1603 961 invitamque

247 978 491 1042 obsequiis
513 982 812 1044 Sagalassum
834 994 1075 1046 expugnat
1103 981 1278 1027 urbem
1301 994 1471 1028 monte
1497 999 1603 1026 mu-

245 1064 426 1109 nitam:
479 1081 660 1125 perque
695 1065 910 1128 Sagarim
944 1065 1180 1129 Phrygiae
1225 1082 1420 1110 amnem
1447 1065 1605 1110 ¹Euxi-

243 1163 363 1192 num
399 1148 547 1192 venit.
617 1153 787 1207 quue
821 1147 880 1192 de
904 1148 1194 1194 Macedonia
1227 1147 1321 1194 sibi.
1358 1165 1500 1208 eques
1523 1164 1604 1208 pe-

244 1227 417 1292 desque
463 1230 604 1273 miles
642 1228 940 1274 adhaerescit
983 1231 1166 1276 viribus
1206 1247 1353 1291 quam
1388 1246 1598 1275 numero

243 1313 423 1376 magis:
474 1329 572 1374 quo
618 1322 783 1356 auctus
828 1312 1054 1372 protinus
1098 1330 1184 1374 per
1218 1313 1505 1373 Bithyniam
1553 1323 1603 1357 et

245 1396 485 1441 Galatiam
508 1407 613 1439 tum
636 1392 1007 1454 Cappadociam,
1039 1407 1263 1455 superato
1277 1394 1453 1449 Tauro,
1479 1399 1601 1443 Tar-

245 1466 353 1523 suni
386 1478 584 1524 Ciliciae
621 1477 756 1522 venit
802 1480 956 1523 multo
994 1475 1166 1523 labore
1187 1477 1260 1531 (²),
1298 1478 1471 1524 urbem
1505 1478 1602 1524 sibi

243 1577 396 1622 paene
432 1560 634 1605 fatalem
671 1577 729 1605 ex
762 1560 852 1606 hac
886 1561 1093 1621 periculi
1128 1560 1374 1607 facultate.

64 1672 226 1708 Arsamis
342 1648 536 1689 XXVII.
571 1649 793 1690 Arsames
837 1655 1025 1705 satrapa
1071 1660 1244 1707 magna
1290 1662 1402 1690 cum
1448 1660 1600 1690 manu

7 1731 226 1779 satrapaefu-
242 1727 375 1774 bello
411 1729 462 1772 in
500 1744 548 1772 se
571 1726 620 1759 (³)
657 1727 806 1773 etiam
841 1739 958 1772 tunc
992 1738 1185 1788 paratus
1212 1726 1482 1781 ferebatur,
1519 1727 1600 1772 ad-

7 1800 63 1834 ga.
242 1806 409 1856 hucff’)
447 1810 646 1855 Ciliciae
678 1821 866 1871 potens.
935 1813 1006 1854 Eo
1043 1825 1194 1871 usque
1216 1809 1264 1841 (ς)
1300 1810 1598 1865 Alexander,

242 1905 300 1940 ut
334 1894 380 1940 ei
415 1909 522 1939 mos
558 1903 680 1946 erat,
719 1892 865 1938 armis
899 1893 1056 1956 gravis
1090 1892 1307 1953 peditem
1341 1910 1483 1940 suum
1517 1910 1598 1954 pe-

241 1975 324 2022 des
358 1975 461 2037 ipse
507 1975 558 2020 in
602 1977 704 2022 acie
739 1975 1080 2026 comitabatur,
1151 1975 1246 2022 Sed
1289 1976 1424 2022 enirn
1459 1976 1598 2022 aufu-

239 2070 407 2124 gerant
443 2059 525 2120 qui
562 2058 875 2105 armabantur
909 2059 969 2106 ab
1008 2064 1220 2105 Arsame.

271 2179 326 2213 (a)
351 2179 436 2208 Cod.
460 2179 609 2208 Pisidia.
650 2176 699 2212 (b)
723 2178 806 2207 cod.
830 2177 881 2207 ad
902 2176 996 2207 haec.
1033 2180 1078 2211 (c)
1102 2177 1182 2206 cod.
1208 2186 1333 2218 eosque.

295 2275 352 2321 (1)
386 2276 527 2311 Scilicet
559 2276 757 2314 clementia.

294 2333 353 2379 (3)
387 2333 476 2367 Cod.
512 2331 681 2368 laborem.
731 2333 866 2379 Scripsi
900 2342 1022 2367 autem
1061 2328 1173 2365 multo
1203 2327 1349 2371 labore,
1390 2328 1475 2375 quia
1507 2327 1595 2362 Ari-

236 2390 398 2424 stobulus
429 2390 523 2436 apud
554 2392 748 2425 Arrianum
780 2392 827 2425 11.
862 2395 894 2426 4.
923 2390 997 2433 ait,
1027 2388 1276 2425 Alexandrum
1305 2399 1351 2421 ex
1388 2385 1503 2419 nimio
1537 2385 1591 2417 la·-

235 2447 322 2481 bore
354 2448 457 2481 Tarsi
488 2447 524 2480 in
555 2449 719 2482 morbum
750 2448 930 2482 incidisse.

228 2509 231 2516 ¹
293 2504 351 2550 (3)
382 2506 521 2550 Nempe
551 2506 589 2540 iu
619 2506 880 2542 Alexandrum.

1739 246 1745 278 ,,-
1737 223 1744 241 ,ι
1735 123 1743 217 μω
1739 91 1741 104 Α,
