1732 3121
259 184 338 219 272
633 177 989 221 ALEXANDRI
1019 179 1222 221 OBITVS

258 310 423 348 ‚‚mur‚
462 305 511 339 et
543 306 718 340 cuncta
755 311 878 356 quae
916 293 1013 339 sint
1047 293 1189 340 nobis
1227 294 1287 340 ad
1321 295 1611 362 obsequium

256 376 593 431 „deferuntun
659 377 803 441 Quod
847 378 885 423 si
931 377 983 421 in
1029 377 1161 423 bello
1207 391 1420 427 mortem
1466 399 1611 444 quam

256 462 394 515 „voti
429 461 520 507 erit
554 460 736 507 nobilis
771 463 908 526 virgo
930 473 1122 507 strenue
1147 474 1362 524 oppetet‚
1388 474 1436 508 et
1454 463 1614 512 functi

258 546 503 600 „honores
541 544 831 590 adhibentur
867 557 914 590 et
950 544 1189 590 adfinitati
1224 545 1506 593 functorum
1528 550 1615 594 lar-

259 646 375 694 „gae
409 629 642 690 pecuniae
679 630 986 693 honoresque
1021 642 1354 675 numerantur.
1394 635 1620 677 Ceterum

260 713 435 769 „nobis
472 729 644 758 aurum
707 731 803 775 non
864 726 935 759 est
989 730 1146 776 neque
1195 726 1476 780 argentum,
1521 715 1633 761 nisi]

259 797 422 861 „quod
459 798 521 842 sit
556 798 606 842 in
643 796 912 861 insignibus
949 797 1255 846 militaribus.
1607 793 1611 799 ’

361 884 578 927 LXXIII.
633 885 793 935 „Haec
842 881 927 926 illa
973 894 1088 927 sunt
1133 882 1186 927 in
1232 881 1408 945 quibus
1451 882 1621 944 inpen-

260 966 477 1023 „duntur
511 979 677 1011 nostra
713 965 994 1012 discrimina
1031 978 1079 1011 et
1113 966 1164 1010 in
1203 982 1326 1027 quae
1361 960 1528 1013 onmia
1543 985 1624 1029 pe-

260 1049 608 1106 „riclitandum
655 1063 748 1104 est,
798 1065 1132 1111 quaecumque
1179 1054 1450 1097 Amazonas
1493 1051 1623 1099 bella

263 1133 591 1195 >deposcent:
632 1134 766 1178 cuius
803 1146 1033 1179 eventum
1071 1150 1172 1179 non
1195 1133 1308 1179 satis
1329 1135 1625 1186 arbitramur

262 1217 490 1279 „utrique
527 1214 586 1261 de
621 1217 740 1278 pari.
791 1217 984 1280 Quippe
1017 1216 1102 1262 ubi
1137 1217 1465 1266 Amazonibus
1514 1236 1625 1267 auc-

262 1332 282 1356 »
295 1313 375 1347 tor
408 1301 458 1333 (a)
496 1300 685 1365 generis
723 1301 878 1347 nostri
914 1304 1048 1347 Mars
1085 1300 1288 1357 faverit,
1324 1320 1480 1350 mares
1515 1304 1624 1351 afe-

261 1385 440 1440 „minis
486 1385 617 1430 caeci
640 1379 686 1416 (ὂ)
731 1385 949 1447 victique
1005 1386 1193 1431 maiore
1230 1403 1340 1432 cum
1387 1387 1624 1436 dedecore

261 1480 534 1531 „oppetenb
563 1469 642 1513 vel
677 1468 971 1521 dilabentur,
1044 1469 1142 1515 Ubi
1178 1487 1294 1516 vero
1332 1488 1446 1517 cum
1480 1473 1625 1519 mari-

262 1553 385 1610 „lbus
421 1552 609 1598 steterit
643 1552 764 1601 belli
801 1553 1025 1608 fortuna,
1062 1553 1289 1616 pudenda
1327 1573 1400 1602 res
1445 1569 1531 1610 est,
1564 1557 1627 1603 si·
1664 1548 1690 1571 ⁸

261 1637 413 1701 „quid
450 1638 530 1683 hic
563 1653 701 1683 sexus
737 1638 973 1699 superatis
995 1637 1194 1685 feminis
1216 1640 1470 1703 glorietur.
1492 1644 1627 1687 Haec

263 1721 389 1778 „tibi
422 1722 599 1786 igitur,
639 1738 746 1774 reX,
784 1738 1012 1783 responsa
1049 1722 1107 1768 de
1145 1722 1286 1768 nobis
1322 1734 1461 1776 sunt,
1513 1740 1630 1785 qua-

264 1823 407 1861 „rum
444 1806 485 1851 si
522 1804 750 1852 fiduciam
787 1804 986 1867 probas,
1027 1805 1316 1868 obsequium
1351 1807 1500 1853 etiam
1527 1824 1628 1854 non

265 1921 284 1946 ‚‚
298 1889 640 1953 aspernabere:
695 1889 939 1951 siquidem
997 1901 1045 1935 te
1104 1906 1395 1937 coronamus
1447 1908 1631 1939 corona

265 1991 441 2030 „aurea
480 1989 665 2026 annua,
705 1990 828 2035 quae
865 1974 926 2019 sit
962 1973 1190 2036 ponderis
1228 1987 1409 2037 quanto
1445 1988 1500 2022 tu
1534 1976 1632 2023 ius·

265 2062 428 2114 „se-ris.
489 2061 642 2121 Super
694 2059 769 2104 his
817 2059 950 2121 quod
1011 2059 1214 2104 mavelis
1261 2059 1488 2107 scribito:
1540 2076 1631 2107 nos

265 2143 459 2199 „enim‚
496 2143 536 2188 si
574 2161 706 2190 secus
742 2143 946 2197 sederit,
979 2155 1174 2205 praeter
1209 2160 1403 2190 amnem
1439 2145 1492 2191 in
1528 2145 1632 2192 acie

266 2227 630 2290 „deprehendes
650 2239 684 2275 «.

49 2313 251 2353 Alexandri
368 2315 581 2364 LXXIV.
636 2314 782 2359 Hisce
825 2329 908 2371 rex
954 2312 1094 2358 lectis
1152 2313 1416 2360 delectatus
1463 2312 1632 2359 admo-

31 2376 251 2468 ΞῙΞῙΞΞΞΣ
268 2396 414 2452 dum,
452 2397 521 2442 sic
558 2397 823 2459 respondit.
872 2397 998 2459 „Qui
1035 2409 1190 2442 terrae
1233 2397 1476 2444 ambitum
1523 2397 1635 2444 dili·

32 2500 152 2525 zonas·

306 2554 358 2586 (a)
384 2552 465 2582 Cod.
490 2560 597 2581 accor.
634 2550 682 2587 (b)
707 2556 757 2583 lta
783 2554 860 2583 cod.
890 2555 955 2583 Dic
976 2559 1090 2583 autem
1113 2553 1208 2592 capti
1221 2573 1232 2587 ,
1263 2552 1332 2580 nisi
1351 2550 1446 2580 forte
1473 2550 1564 2580 caeci
1583 2554 1635 2580 est

272 2601 350 2632 heic
372 2612 437 2640 1³10
460 2603 584 2633 aversi·
