1732 3121
312 202 392 240 260
688 197 1043 241 ALEXANDRI
1073 197 1274 239 OBITVS

313 312 551 369 pureum),
583 316 757 354 intexta
779 329 915 365 auro,
955 316 1134 367 gemmis
1169 314 1371 353 admixta
1400 329 1506 369 quae
1542 325 1656 357 veste

315 398 470 441 coepta
481 383 675 444 fuerant
693 383 738 419 (ὃ)
774 397 816 428 et
844 397 1094 440 perornata.
1160 388 1425 427 Gemmarum
1455 403 1555 428 vero
1593 404 1656 429 re-

311 462 476 514 galium
503 471 645 501 utrum
671 461 994 513 magnitudines
1015 462 1192 510 mirere,
1224 474 1280 498 an
1316 475 1412 501 vero
1442 462 1656 501 coloribus

312 536 496 581 ducere,
535 550 590 574 an
601 529 864 590 fulgoribus
890 535 1075 580 vincere,
1108 533 1317 572 iudicium
1343 547 1450 585 prae
1478 543 1656 586 stupore

312 622 397 648 non
432 618 542 649 erat.
611 609 735 647 Inter
774 621 925 646 aurum
962 620 1067 646 sane
1102 621 1402 659 purpureaque
1435 615 1563 646 texta
1597 608 1661 648 vel

310 695 498 733 gemmas
518 681 621 720 ebur
640 682 818 720 multum
832 710 848 728 ‚
878 681 955 720 sed
979 683 1026 720 in
1051 680 1171 720 ebore
1193 683 1347 720 viseres
1368 682 1479 718 artis
1508 681 1658 730 pretia

311 755 494 793 maiora.
560 754 690 807 Onyx
709 769 791 806 pro
816 756 963 801 saxis,
995 763 1040 793 et
1063 754 1282 793 columnae
1300 753 1353 790 de
1370 753 1572 804 gemmis,
1614 762 1660 792 et

312 841 456 867 earnm
475 820 753 877 proceric'udo
777 826 930 881 ubique
959 841 1095 878 supra
1121 835 1339 865 nostrates
1362 825 1558 873 arbores,
1584 824 1659 865 secl

311 913 420 951 quae
448 900 542 938 sint
567 901 918 950 procerissimae,
937 894 984 955 s
983 909 1106 939 uerat
1121 928 1134 945 ‚
1165 898 1322 938 hebeno
1353 907 1495 937 tamen
1521 899 1662 949 pluri-

310 987 380 1010 ma
405 973 722 1022 interpolante:
753 975 868 1027 quod
890 974 933 1012 si
951 973 1013 1010 sit
1040 973 1098 1011 ad
1116 972 1281 1010 caeruli
1303 973 1484 1022 speciem
1508 971 1572 1011 vel
1595 986 1662 1017 co-

309 1045 441 1084 lorem
463 1045 716 1097 laevigatio,
748 1057 889 1086 tamen
909 1045 1156 1097 plerumque
1171 1059 1223 1084 ex
1247 1059 1296 1083 ea
1317 1057 1519 1095 purpura
1537 1044 1663 1083 aliud

309 1132 399 1158 esse
424 1133 552 1172 quam
579 1119 620 1157 si
643 1132 794 1157 saxum
814 1118 1015 1157 hebenum
1039 1117 1326 1156 mentiebatur
1350 1114 1410 1157 (ε).

393 1188 549 1227 LVIII.
598 1190 701 1229 Illic
739 1199 781 1229 et
815 1188 993 1246 effigies
1024 1190 1236 1241 plurimae
1272 1197 1361 1227 tum
1399 1202 1421 1228 e
1453 1203 1661 1229 marmore

308 1265 428 1305 vario
442 1287 455 1308 ‚
489 1272 579 1302 tum
596 1277 617 1303 e
638 1262 810 1302 metallo
827 1263 1127 1316 cuiuscumque
1154 1262 1275 1300 modi
1295 1260 1560 1301 rennuebant
1586 1277 1663 1300 nu-

308 1337 487 1375 meriam
513 1337 878 1382 aestimationem,
911 1349 1019 1388 qnae
1045 1337 1183 1374 omnis
1209 1336 1364 1373 curiosi
1383 1334 1662 1385 diligentiam

309 1410 509 1450 vinceret.
581 1409 702 1449 Adeo
738 1408 876 1446 multa
919 1406 1073 1447 erant!
1135 1408 1349 1470 Quamvis
1394 1409 1441 1446 in
1473 1407 1662 1458 singulis

345 1483 532 1533 gmentis
543 1476 699 1534 suerit
723 1480 947 1532 superbior
975 1481 1244 1527 admiratio,
1273 1494 1420 1519 currus
1445 1494 1548 1519 san-3
1561 1476 1663 1536 sal-

308 1563 433 1593 catos
457 1567 479 1593 e
505 1553 766 1606 porphyrite
789 1553 940 1604 lapide
965 1554 1042 1592 sed
1064 1554 1425 1592 conlinlatissime
1449 1568 1534 1592 una
1569 1568 1662 1593 cum

309 1625 605 1665 animantibus
631 1635 674 1665 et
694 1628 819 1678 ant-ig
830 1628 867 1666 is
889 1628 949 1666 ad
971 1627 1071 1665 veri
1085 1620 1259 1680 faciem
1283 1627 1427 1666 videre
1448 1636 1543 1666 erat
1564 1628 1662 1678 plu-

308 1701 437 1739 rimos
478 1708 520 1738 et
553 1702 714 1750 passim
756 1699 912 1752 ubique
946 1700 1221 1746 constitisse,
1263 1713 1367 1753 quos
1412 1707 1455 1738 et
1493 1714 1663 1740 cursum

307 1787 435 1825 agere
458 1773 687 1822 opinarere
714 1781 756 1810 et
779 1773 946 1810 moveri
974 1773 1118 1811 omnia
1143 1787 1227 1811 non
1254 1773 1532 1815 discrederes.
1584 1777 1662 1814 Ita

304 1860 414 1900 prae
445 1859 617 1884 corusco
633 1840 845 1900 fulgoris
870 1845 1085 1884 oculorum
1119 1844 1276 1902 officia
1306 1860 1538 1897 praeverso
1574 1847 1662 1887 labi

306 1928 401 1960 erat
425 1919 657 1968 opiniones
681 1919 958 1956 intuentium.
1021 1923 1104 1958 Ast
1125 1919 1207 1957 alii
1239 1933 1389 1959 currus
1422 1922 1662 1974 quadrigas

306 1991 561 2043 elephantos
587 1992 757 2030 iunctos
778 1989 1017 2037 habebant,
1050 2005 1204 2043 eosque
1235 1991 1418 2044 hebeno,
1458 1994 1530 2032 cui
1567 2007 1663 2033 con·

1718 55 1728 110 *ia-4

305 2066 424 2106 color
446 2064 583 2104 hestia
606 2067 704 2105 veri
711 2060 908 2121 facilins
937 2067 1166 2115 imaginem
1191 2065 1428 2105 retinebat:
1458 2067 1534 2105 sed
1567 2066 1663 2106 sub·
1708 2090 1717 2097 ·

307 2148 375 2178 ter
412 2147 538 2177 erant
574 2140 772 2189 inpressa
806 2137 988 2188 pedibus
1026 2137 1349 2189 elephantorum
1383 2140 1657 2189 captivorum

305 2225 491 2263 corpora
503 2211 865 2250 subcumbentium
878 2219 953 2249 aut
969 2211 1130 2250 innexa
1149 2211 1474 2261 proboscidibus
1485 2225 1660 2263 suspen-

303 2298 450 2338 saque.
516 2284 638 2347 {Duae
677 2285 793 2325 inter
824 2284 967 2323 omnia
1001 2284 1051 2322 id
1096 2297 1197 2322 sane
1241 2285 1521 2335 praecipuum
1560 2284 1658 2335 regi

306 2359 453 2407 operis
477 2357 733 2409 videbatur,
765 2358 881 2411 quod
905 2371 990 2395 una
1017 2357 1070 2396 de
1103 2370 1270 2408 gemma
1309 2357 1523 2406 scalptum
1554 2366 1657 2396 tem·

302 2431 421 2481 plum
447 2431 724 2484 indidemque
757 2430 974 2470 columnas
1005 2437 1193 2468 cerneret
1217 2430 1554 2481 interscalptas,
1587 2429 1657 2468 ob-

362 2598 395 2626 ,ι)
419 2599 469 2626 lta
494 2594 570 2625 cod.
610 2591 657 2627 (h)
680 2596 731 2624 ltu
755 2594 829 2625 cod.
868 2595 913 2627 (c)
936 2596 987 2623 Ita
1009 2594 1084 2622 cod.
