<?xml version="1.0" encoding="UTF-8"?>
<!DOCTYPE html PUBLIC "-//W3C//DTD XHTML 1.0 Transitional//EN"
    "http://www.w3.org/TR/xhtml1/DTD/xhtml1-transitional.dtd">
<html xmlns="http://www.w3.org/1999/xhtml" xml:lang="en" lang="en">
 <head>
  <title>
</title>
<meta http-equiv="Content-Type" content="text/html;charset=utf-8" />
  <meta name='ocr-system' content='tesseract 3.04.00' />
  <meta name='ocr-capabilities' content='ocr_page ocr_carea ocr_par ocr_line ocrx_word'/>
</head>
<body>
  <div class='ocr_page' id='page_1' title='image "./itinerariumalexa00maiauoft_0158.png"; bbox 0 0 1752 3116; ppageno 0'>
   <div class='ocr_carea' id='block_1_1' title="bbox 158 326 327 372">
    <p class='ocr_par' dir='ltr' id='par_1_1' title="bbox 158 326 327 372">
     <span class='ocr_line' id='line_1_1' title="bbox 158 326 327 372; baseline 0 -12"><span class='ocrx_word' id='word_1_1' title='bbox 158 326 327 372; x_wconf 84' lang='lat' dir='ltr'>Tripolis.</span> 
     </span>
    </p>
   </div>
   <div class='ocr_carea' id='block_1_2' title="bbox 113 636 334 786">
    <p class='ocr_par' dir='ltr' id='par_1_2' title="bbox 113 636 334 786">
     <span class='ocr_line' id='line_1_2' title="bbox 113 636 334 674; baseline -0.014 0"><span class='ocrx_word' id='word_1_2' title='bbox 113 636 217 674; x_wconf 84' lang='lat' dir='ltr'><strong>Darii</strong></span> <span class='ocrx_word' id='word_1_3' title='bbox 232 637 334 673; x_wconf 77' lang='lat' dir='ltr'><strong>litte-</strong></span> 
     </span>
     <span class='ocr_line' id='line_1_3' title="bbox 114 695 334 729; baseline 0.005 -1"><span class='ocrx_word' id='word_1_4' title='bbox 114 707 161 728; x_wconf 81' lang='lat' dir='ltr'><strong>rae</strong></span> <span class='ocrx_word' id='word_1_5' title='bbox 183 695 226 727; x_wconf 84' lang='lat' dir='ltr'><strong>ad</strong></span> <span class='ocrx_word' id='word_1_6' title='bbox 243 697 334 729; x_wconf 72' lang='lat' dir='ltr'><strong>Ale-</strong></span> 
     </span>
     <span class='ocr_line' id='line_1_4' title="bbox 116 753 304 786; baseline 0.005 -1"><span class='ocrx_word' id='word_1_7' title='bbox 116 753 304 786; x_wconf 75' lang='lat' dir='ltr'><strong>xandrum.</strong></span> 
     </span>
    </p>
   </div>
   <div class='ocr_carea' id='block_1_3' title="bbox 355 195 1304 236">
    <p class='ocr_par' dir='ltr' id='par_1_3' title="bbox 355 195 1304 236">
     <span class='ocr_line' id='line_1_5' title="bbox 355 195 1304 236; baseline 0.004 -4"><span class='ocrx_word' id='word_1_8' title='bbox 355 202 364 232; x_wconf 83' lang='lat'>1</span> <span class='ocrx_word' id='word_1_9' title='bbox 377 199 427 234; x_wconf 76' lang='lat'><strong>52,</strong></span> <span class='ocrx_word' id='word_1_10' title='bbox 738 195 1091 236; x_wconf 80' lang='lat' dir='ltr'><strong>ALEXANDRI</strong></span> <span class='ocrx_word' id='word_1_11' title='bbox 1121 196 1304 236; x_wconf 78' lang='lat' dir='ltr'>ORTVS</span> 
     </span>
    </p>
   </div>
   <div class='ocr_carea' id='block_1_4' title="bbox 347 308 1728 1958">
    <p class='ocr_par' dir='ltr' id='par_1_4' title="bbox 347 308 1697 619">
     <span class='ocr_line' id='line_1_6' title="bbox 348 308 1693 372; baseline 0.003 -20"><span class='ocrx_word' id='word_1_12' title='bbox 348 319 395 352; x_wconf 84' lang='lat' dir='ltr'><strong>et</strong></span> <span class='ocrx_word' id='word_1_13' title='bbox 430 308 664 354; x_wconf 84' lang='lat' dir='ltr'><strong>aetatibus</strong></span> <span class='ocrx_word' id='word_1_14' title='bbox 698 309 1017 370; x_wconf 83' lang='lat' dir='ltr'>interemptis.</span> <span class='ocrx_word' id='word_1_15' title='bbox 1073 313 1189 356; x_wconf 88' lang='lat' dir='ltr'><strong>Tres</strong></span> <span class='ocrx_word' id='word_1_16' title='bbox 1224 326 1338 356; x_wconf 85' lang='lat' dir='ltr'><strong>vero</strong></span> <span class='ocrx_word' id='word_1_17' title='bbox 1376 310 1534 364; x_wconf 88' lang='lat' dir='ltr'><strong>vicos,</strong></span> <span class='ocrx_word' id='word_1_18' title='bbox 1574 316 1693 372; x_wconf 83' lang='lat' dir='ltr'><strong>quo-</strong></span> 
     </span>
     <span class='ocr_line' id='line_1_7' title="bbox 347 390 1692 453; baseline 0.001 -18"><span class='ocrx_word' id='word_1_19' title='bbox 347 408 457 435; x_wconf 85' lang='lat' dir='ltr'><strong>rum</strong></span> <span class='ocrx_word' id='word_1_20' title='bbox 493 393 605 436; x_wconf 88' lang='lat' dir='ltr'><strong>navi</strong></span> <span class='ocrx_word' id='word_1_21' title='bbox 629 391 811 437; x_wconf 81' lang='lat' dir='ltr'><strong>auxilio</strong></span> <span class='ocrx_word' id='word_1_22' title='bbox 848 390 907 435; x_wconf 82' lang='lat' dir='ltr'><strong>ad</strong></span> <span class='ocrx_word' id='word_1_23' title='bbox 942 407 1142 453; x_wconf 80' lang='lat' dir='ltr'>operam</span> <span class='ocrx_word' id='word_1_24' title='bbox 1170 391 1398 438; x_wconf 88' lang='lat' dir='ltr'><strong>bellicam</strong></span> <span class='ocrx_word' id='word_1_25' title='bbox 1428 410 1540 438; x_wconf 89' lang='lat' dir='ltr'><strong>usus</strong></span> <span class='ocrx_word' id='word_1_26' title='bbox 1576 404 1692 444; x_wconf 84' lang='lat' dir='ltr'><strong>erat,</strong></span> 
     </span>
     <span class='ocr_line' id='line_1_8' title="bbox 348 473 1697 537; baseline 0.002 -20"><span class='ocrx_word' id='word_1_27' title='bbox 348 473 408 517; x_wconf 78' lang='lat' dir='ltr'><strong>ad</strong></span> <span class='ocrx_word' id='word_1_28' title='bbox 456 473 844 537; x_wconf 80' lang='lat' dir='ltr'>magnitudinem</span> <span class='ocrx_word' id='word_1_29' title='bbox 891 474 1264 536; x_wconf 80' lang='lat' dir='ltr'><strong>confrequentat</strong></span> <span class='ocrx_word' id='word_1_30' title='bbox 1313 474 1470 530; x_wconf 89' lang='lat' dir='ltr'><strong>urbis,</strong></span> <span class='ocrx_word' id='word_1_31' title='bbox 1523 475 1697 536; x_wconf 85' lang='lat' dir='ltr'><strong>Tripo-</strong></span> 
     </span>
     <span class='ocr_line' id='line_1_9' title="bbox 347 555 1065 619; baseline 0.004 -19"><span class='ocrx_word' id='word_1_32' title='bbox 347 555 535 617; x_wconf 88' lang='lat' dir='ltr'><strong>limque</strong></span> <span class='ocrx_word' id='word_1_33' title='bbox 573 558 807 619; x_wconf 87' lang='lat' dir='ltr'><strong>appellari</strong></span> <span class='ocrx_word' id='word_1_34' title='bbox 841 556 977 603; x_wconf 86' lang='lat' dir='ltr'><strong>iubet</strong></span> <span class='ocrx_word' id='word_1_35' title='bbox 999 556 1065 603; x_wconf 73' lang='lat'>(¹).</span> 
     </span>
    </p>

    <p class='ocr_par' dir='ltr' id='par_1_5' title="bbox 349 640 1728 1958">
     <span class='ocr_line' id='line_1_10' title="bbox 448 640 1698 705; baseline 0.001 -22"><span class='ocrx_word' id='word_1_36' title='bbox 448 644 595 691; x_wconf 83' lang='lat' dir='ltr'><strong>XLII,</strong></span> <span class='ocrx_word' id='word_1_37' title='bbox 644 641 804 702; x_wconf 86' lang='lat' dir='ltr'><strong>Tyriis</strong></span> <span class='ocrx_word' id='word_1_38' title='bbox 840 658 952 705; x_wconf 83' lang='lat' dir='ltr'><strong>ergo</strong></span> <span class='ocrx_word' id='word_1_39' title='bbox 989 653 1227 703; x_wconf 84' lang='lat' dir='ltr'>satrapam</span> <span class='ocrx_word' id='word_1_40' title='bbox 1262 640 1504 703; x_wconf 87' lang='lat' dir='ltr'><strong>praeficit,</strong></span> <span class='ocrx_word' id='word_1_41' title='bbox 1553 652 1698 702; x_wconf 89' lang='lat' dir='ltr'><strong>atque</strong></span> 
     </span>
     <span class='ocr_line' id='line_1_11' title="bbox 349 721 1728 787; baseline 0.001 -22"><span class='ocrx_word' id='word_1_42' title='bbox 349 721 466 767; x_wconf 86' lang='lat' dir='ltr'><strong>inde</strong></span> <span class='ocrx_word' id='word_1_43' title='bbox 502 725 692 782; x_wconf 75' lang='lat' dir='ltr'><strong>Syriam</strong></span> <span class='ocrx_word' id='word_1_44' title='bbox 735 741 935 787; x_wconf 81' lang='lat' dir='ltr'><strong>pergens</strong></span> <span class='ocrx_word' id='word_1_45' title='bbox 982 725 1158 786; x_wconf 87' lang='lat' dir='ltr'><strong>accipit</strong></span> <span class='ocrx_word' id='word_1_46' title='bbox 1198 725 1384 770; x_wconf 83' lang='lat' dir='ltr'><strong>litteras</strong></span> <span class='ocrx_word' id='word_1_47' title='bbox 1419 723 1558 770; x_wconf 82' lang='lat' dir='ltr'><strong>Darii</strong></span> <span class='ocrx_word' id='word_1_48' title='bbox 1591 726 1728 768; x_wconf 87' lang='lat' dir='ltr'><strong>Per-·</strong></span> 
     </span>
     <span class='ocr_line' id='line_1_12' title="bbox 350 805 1701 870; baseline 0.001 -21"><span class='ocrx_word' id='word_1_49' title='bbox 350 820 429 850; x_wconf 87' lang='lat' dir='ltr'><strong>sae</strong></span> <span class='ocrx_word' id='word_1_50' title='bbox 473 805 525 849; x_wconf 87' lang='lat' dir='ltr'><strong>in</strong></span> <span class='ocrx_word' id='word_1_51' title='bbox 573 807 695 851; x_wconf 88' lang='lat' dir='ltr'><strong>hanc</strong></span> <span class='ocrx_word' id='word_1_52' title='bbox 745 807 1035 852; x_wconf 82' lang='lat' dir='ltr'><strong>sententiam</strong></span> <span class='ocrx_word' id='word_1_53' title='bbox 1080 807 1294 869; x_wconf 87' lang='lat' dir='ltr'><strong>scriptas.</strong></span> <span class='ocrx_word' id='word_1_54' title='bbox 1364 812 1498 862; x_wconf 79' lang='lat' dir='ltr'><strong>„Rex</strong></span> <span class='ocrx_word' id='word_1_55' title='bbox 1532 821 1701 870; x_wconf 85' lang='lat' dir='ltr'><strong>regum</strong></span> 
     </span>
     <span class='ocr_line' id='line_1_13' title="bbox 349 887 1705 954; baseline -0.001 -20"><span class='ocrx_word' id='word_1_56' title='bbox 349 899 429 942; x_wconf 72' lang='lat' dir='ltr'><strong>„et</strong></span> <span class='ocrx_word' id='word_1_57' title='bbox 475 891 858 954; x_wconf 85' lang='lat' dir='ltr'><strong>consanguineus</strong></span> <span class='ocrx_word' id='word_1_58' title='bbox 895 893 1116 936; x_wconf 88' lang='lat' dir='ltr'><strong>Deorum</strong></span> <span class='ocrx_word' id='word_1_59' title='bbox 1163 906 1507 952; x_wconf 87' lang='lat' dir='ltr'><strong>consessorque</strong></span> <span class='ocrx_word' id='word_1_60' title='bbox 1522 887 1576 921; x_wconf 55' lang='grc' dir='ltr'><strong>(α)</strong></span> <span class='ocrx_word' id='word_1_61' title='bbox 1610 887 1705 933; x_wconf 88' lang='lat' dir='ltr'><strong>Dei</strong></span> 
     </span>
     <span class='ocr_line' id='line_1_14' title="bbox 350 971 1702 1034; baseline -0.001 -18"><span class='ocrx_word' id='word_1_62' title='bbox 350 971 599 1026; x_wconf 78' lang='lat' dir='ltr'><strong>„Mithrae</strong></span> <span class='ocrx_word' id='word_1_63' title='bbox 645 990 834 1034; x_wconf 89' lang='lat' dir='ltr'><strong>unaque</strong></span> <span class='ocrx_word' id='word_1_64' title='bbox 877 973 1036 1019; x_wconf 87' lang='lat' dir='ltr'><strong>oriens</strong></span> <span class='ocrx_word' id='word_1_65' title='bbox 1080 990 1192 1020; x_wconf 87' lang='lat' dir='ltr'><strong>cum</strong></span> <span class='ocrx_word' id='word_1_66' title='bbox 1235 976 1339 1022; x_wconf 90' lang='lat' dir='ltr'><strong>sole</strong></span> <span class='ocrx_word' id='word_1_67' title='bbox 1373 973 1550 1020; x_wconf 87' lang='lat' dir='ltr'><strong>Darius</strong></span> <span class='ocrx_word' id='word_1_68' title='bbox 1599 971 1702 1032; x_wconf 86' lang='lat' dir='ltr'><strong>ipse</strong></span> 
     </span>
     <span class='ocr_line' id='line_1_15' title="bbox 349 1052 1700 1120; baseline -0.001 -20"><span class='ocrx_word' id='word_1_69' title='bbox 349 1054 652 1109; x_wconf 75' lang='lat' dir='ltr'><strong>„Alexandro</strong></span> <span class='ocrx_word' id='word_1_70' title='bbox 688 1056 876 1102; x_wconf 88' lang='lat' dir='ltr'><strong>famulo</strong></span> <span class='ocrx_word' id='word_1_71' title='bbox 921 1073 1033 1102; x_wconf 89' lang='lat' dir='ltr'><strong>meo</strong></span> <span class='ocrx_word' id='word_1_72' title='bbox 1069 1057 1212 1103; x_wconf 88' lang='lat' dir='ltr'><strong>iubeo</strong></span> <span class='ocrx_word' id='word_1_73' title='bbox 1258 1057 1466 1120; x_wconf 85' lang='lat' dir='ltr'><strong>dicoque</strong></span> <span class='ocrx_word' id='word_1_74' title='bbox 1500 1057 1617 1101; x_wconf 90' lang='lat' dir='ltr'><strong>haec</strong></span> <span class='ocrx_word' id='word_1_75' title='bbox 1636 1052 1700 1098; x_wconf 72' lang='lat'><strong>(²).</strong></span> 
     </span>
     <span class='ocr_line' id='line_1_16' title="bbox 350 1138 1704 1202; baseline 0 -20"><span class='ocrx_word' id='word_1_76' title='bbox 350 1167 371 1191; x_wconf 74' lang='grc'>»</span> <span class='ocrx_word' id='word_1_77' title='bbox 385 1138 571 1184; x_wconf 83' lang='lat' dir='ltr'><strong>Mando</strong></span> <span class='ocrx_word' id='word_1_78' title='bbox 616 1139 709 1184; x_wconf 84' lang='lat' dir='ltr'><strong>tibi</strong></span> <span class='ocrx_word' id='word_1_79' title='bbox 754 1140 934 1185; x_wconf 81' lang='lat' dir='ltr'><strong>reverti</strong></span> <span class='ocrx_word' id='word_1_80' title='bbox 969 1140 1030 1185; x_wconf 86' lang='lat' dir='ltr'><strong>ad</strong></span> <span class='ocrx_word' id='word_1_81' title='bbox 1071 1153 1292 1202; x_wconf 85' lang='lat' dir='ltr'><strong>parentes</strong></span> <span class='ocrx_word' id='word_1_82' title='bbox 1336 1153 1447 1188; x_wconf 91' lang='lat' dir='ltr'><strong>tuos</strong></span> <span class='ocrx_word' id='word_1_83' title='bbox 1493 1138 1704 1185; x_wconf 87' lang='lat' dir='ltr'><strong>famulos</strong></span> 
     </span>
     <span class='ocr_line' id='line_1_17' title="bbox 351 1221 1706 1288; baseline 0.002 -24"><span class='ocrx_word' id='word_1_84' title='bbox 351 1221 569 1275; x_wconf 76' lang='lat' dir='ltr'><strong>„scilicet</strong></span> <span class='ocrx_word' id='word_1_85' title='bbox 598 1240 758 1276; x_wconf 88' lang='lat' dir='ltr'><strong>meos,</strong></span> <span class='ocrx_word' id='word_1_86' title='bbox 798 1233 943 1284; x_wconf 87' lang='lat' dir='ltr'><strong>atque</strong></span> <span class='ocrx_word' id='word_1_87' title='bbox 979 1223 1083 1268; x_wconf 84' lang='lat' dir='ltr'><strong>illic</strong></span> <span class='ocrx_word' id='word_1_88' title='bbox 1118 1224 1171 1268; x_wconf 89' lang='lat' dir='ltr'><strong>in</strong></span> <span class='ocrx_word' id='word_1_89' title='bbox 1199 1224 1388 1288; x_wconf 83' lang='lat' dir='ltr'><strong>gremio</strong></span> <span class='ocrx_word' id='word_1_90' title='bbox 1424 1222 1592 1269; x_wconf 86' lang='lat' dir='ltr'><strong>matris</strong></span> <span class='ocrx_word' id='word_1_91' title='bbox 1625 1238 1706 1267; x_wconf 89' lang='lat' dir='ltr'><strong>cu-</strong></span> 
     </span>
     <span class='ocr_line' id='line_1_18' title="bbox 352 1303 1705 1369; baseline 0.002 -21"><span class='ocrx_word' id='word_1_92' title='bbox 352 1303 583 1357; x_wconf 75' lang='lat' dir='ltr'><strong>„bantem</strong></span> <span class='ocrx_word' id='word_1_93' title='bbox 620 1306 784 1353; x_wconf 80' lang='lat' dir='ltr'><strong>doceri</strong></span> <span class='ocrx_word' id='word_1_94' title='bbox 820 1308 962 1353; x_wconf 87' lang='lat' dir='ltr'><strong>virile</strong></span> <span class='ocrx_word' id='word_1_95' title='bbox 1004 1306 1240 1354; x_wconf 81' lang='lat' dir='ltr'><strong>officium.</strong></span> <span class='ocrx_word' id='word_1_96' title='bbox 1309 1307 1387 1354; x_wconf 86' lang='lat' dir='ltr'><strong>Ad</strong></span> <span class='ocrx_word' id='word_1_97' title='bbox 1421 1323 1567 1369; x_wconf 88' lang='lat' dir='ltr'><strong>quam</strong></span> <span class='ocrx_word' id='word_1_98' title='bbox 1601 1321 1705 1352; x_wconf 89' lang='lat' dir='ltr'><strong>rem</strong></span> 
     </span>
     <span class='ocr_line' id='line_1_19' title="bbox 354 1387 1706 1453; baseline 0.002 -21"><span class='ocrx_word' id='word_1_99' title='bbox 354 1387 625 1440; x_wconf 77' lang='lat' dir='ltr'><strong>„habenam</strong></span> <span class='ocrx_word' id='word_1_100' title='bbox 671 1391 939 1452; x_wconf 88' lang='lat' dir='ltr'><strong>scythicam</strong></span> <span class='ocrx_word' id='word_1_101' title='bbox 985 1391 1080 1438; x_wconf 90' lang='lat' dir='ltr'><strong>tibi</strong></span> <span class='ocrx_word' id='word_1_102' title='bbox 1126 1403 1174 1436; x_wconf 91' lang='lat' dir='ltr'><strong>et</strong></span> <span class='ocrx_word' id='word_1_103' title='bbox 1223 1392 1379 1453; x_wconf 85' lang='lat' dir='ltr'><strong>pilam</strong></span> <span class='ocrx_word' id='word_1_104' title='bbox 1421 1391 1706 1452; x_wconf 88' lang='lat' dir='ltr'><strong>loculosque</strong></span> 
     </span>
     <span class='ocr_line' id='line_1_20' title="bbox 355 1474 1708 1537; baseline 0.003 -22"><span class='ocrx_word' id='word_1_105' title='bbox 355 1487 499 1524; x_wconf 80' lang='lat' dir='ltr'><strong>„cum</strong></span> <span class='ocrx_word' id='word_1_106' title='bbox 536 1474 691 1519; x_wconf 86' lang='lat' dir='ltr'><strong>aureis</strong></span> <span class='ocrx_word' id='word_1_107' title='bbox 727 1475 870 1521; x_wconf 77' lang='lat' dir='ltr'><strong>misi:</strong></span> <span class='ocrx_word' id='word_1_108' title='bbox 925 1492 1136 1537; x_wconf 88' lang='lat' dir='ltr'><strong>quorum</strong></span> <span class='ocrx_word' id='word_1_109' title='bbox 1171 1475 1356 1522; x_wconf 88' lang='lat' dir='ltr'><strong>habena</strong></span> <span class='ocrx_word' id='word_1_110' title='bbox 1393 1475 1625 1522; x_wconf 82' lang='lat' dir='ltr'><strong>admonet</strong></span> <span class='ocrx_word' id='word_1_111' title='bbox 1657 1485 1708 1519; x_wconf 84' lang='lat' dir='ltr'><strong>te</strong></span> 
     </span>
     <span class='ocr_line' id='line_1_21' title="bbox 356 1553 1708 1623; baseline 0.004 -26"><span class='ocrx_word' id='word_1_112' title='bbox 356 1553 670 1616; x_wconf 81' lang='lat' dir='ltr'><strong>„disciplinae</strong></span> <span class='ocrx_word' id='word_1_113' title='bbox 713 1558 870 1604; x_wconf 87' lang='lat' dir='ltr'><strong>videri</strong></span> <span class='ocrx_word' id='word_1_114' title='bbox 913 1558 1214 1623; x_wconf 81' lang='lat' dir='ltr'><strong>indigentem</strong></span> <span class='ocrx_word' id='word_1_115' title='bbox 1227 1577 1241 1612; x_wconf 91' lang='lat'>;</span> <span class='ocrx_word' id='word_1_116' title='bbox 1289 1561 1389 1622; x_wconf 90' lang='lat' dir='ltr'><strong>pila</strong></span> <span class='ocrx_word' id='word_1_117' title='bbox 1424 1575 1540 1605; x_wconf 88' lang='lat' dir='ltr'><strong>vero</strong></span> <span class='ocrx_word' id='word_1_118' title='bbox 1577 1556 1708 1620; x_wconf 87' lang='lat' dir='ltr'><strong>quod</strong></span> 
     </span>
     <span class='ocr_line' id='line_1_22' title="bbox 355 1637 1704 1704; baseline 0.004 -23"><span class='ocrx_word' id='word_1_119' title='bbox 355 1637 487 1691; x_wconf 71' lang='lat' dir='ltr'><strong>„eius</strong></span> <span class='ocrx_word' id='word_1_120' title='bbox 525 1654 758 1704; x_wconf 83' lang='lat' dir='ltr'><strong>congruat</strong></span> <span class='ocrx_word' id='word_1_121' title='bbox 803 1658 913 1688; x_wconf 90' lang='lat' dir='ltr'><strong>cum</strong></span> <span class='ocrx_word' id='word_1_122' title='bbox 951 1655 1032 1688; x_wconf 89' lang='lat' dir='ltr'><strong>tua</strong></span> <span class='ocrx_word' id='word_1_123' title='bbox 1069 1643 1277 1689; x_wconf 87' lang='lat' dir='ltr'><strong>aetatula</strong></span> <span class='ocrx_word' id='word_1_124' title='bbox 1313 1642 1557 1696; x_wconf 89' lang='lat' dir='ltr'><strong>lusitatio‚</strong></span> <span class='ocrx_word' id='word_1_125' title='bbox 1606 1657 1704 1687; x_wconf 88' lang='lat' dir='ltr'><strong>non</strong></span> 
     </span>
     <span class='ocr_line' id='line_1_23' title="bbox 354 1721 1707 1787; baseline 0.004 -21"><span class='ocrx_word' id='word_1_126' title='bbox 354 1721 505 1774; x_wconf 78' lang='lat' dir='ltr'><strong>„haec</strong></span> <span class='ocrx_word' id='word_1_127' title='bbox 540 1739 684 1785; x_wconf 89' lang='lat' dir='ltr'><strong>opera</strong></span> <span class='ocrx_word' id='word_1_128' title='bbox 722 1741 868 1787; x_wconf 91' lang='lat' dir='ltr'><strong>quam</strong></span> <span class='ocrx_word' id='word_1_129' title='bbox 898 1726 1297 1772; x_wconf 86' lang='lat' dir='ltr'><strong>latrocinantium</strong></span> <span class='ocrx_word' id='word_1_130' title='bbox 1334 1727 1429 1772; x_wconf 89' lang='lat' dir='ltr'><strong>ritu</strong></span> <span class='ocrx_word' id='word_1_131' title='bbox 1464 1743 1578 1772; x_wconf 89' lang='lat' dir='ltr'><strong>cum</strong></span> <span class='ocrx_word' id='word_1_132' title='bbox 1611 1726 1707 1771; x_wconf 87' lang='lat' dir='ltr'><strong>tuis</strong></span> 
     </span>
     <span class='ocr_line' id='line_1_24' title="bbox 355 1806 1707 1874; baseline 0.004 -25"><span class='ocrx_word' id='word_1_133' title='bbox 355 1806 630 1858; x_wconf 78' lang='lat' dir='ltr'><strong>„similibus</strong></span> <span class='ocrx_word' id='word_1_134' title='bbox 677 1826 724 1854; x_wconf 84' lang='lat' dir='ltr'><strong>es</strong></span> <span class='ocrx_word' id='word_1_135' title='bbox 770 1808 1028 1874; x_wconf 84' lang='lat' dir='ltr'><strong>adgressus.</strong></span> <span class='ocrx_word' id='word_1_136' title='bbox 1097 1814 1269 1871; x_wconf 86' lang='lat' dir='ltr'><strong>Neque</strong></span> <span class='ocrx_word' id='word_1_137' title='bbox 1315 1812 1449 1856; x_wconf 87' lang='lat' dir='ltr'><strong>enim</strong></span> <span class='ocrx_word' id='word_1_138' title='bbox 1483 1810 1523 1855; x_wconf 91' lang='lat' dir='ltr'><strong>si</strong></span> <span class='ocrx_word' id='word_1_139' title='bbox 1559 1825 1707 1855; x_wconf 90' lang='lat' dir='ltr'><strong>omne</strong></span> 
     </span>
     <span class='ocr_line' id='line_1_25' title="bbox 356 1890 1712 1958; baseline 0.003 -24"><span class='ocrx_word' id='word_1_140' title='bbox 356 1890 630 1942; x_wconf 71' lang='lat' dir='ltr'><strong>„eiusmodi</strong></span> <span class='ocrx_word' id='word_1_141' title='bbox 665 1892 928 1938; x_wconf 89' lang='lat' dir='ltr'><strong>hominum</strong></span> <span class='ocrx_word' id='word_1_142' title='bbox 962 1910 1112 1958; x_wconf 80' lang='lat' dir='ltr'><strong>genus</strong></span> <span class='ocrx_word' id='word_1_143' title='bbox 1150 1893 1209 1938; x_wconf 86' lang='lat' dir='ltr'><strong>ad</strong></span> <span class='ocrx_word' id='word_1_144' title='bbox 1247 1905 1292 1939; x_wconf 87' lang='lat' dir='ltr'><strong>te</strong></span> <span class='ocrx_word' id='word_1_145' title='bbox 1326 1893 1432 1955; x_wconf 89' lang='lat' dir='ltr'><strong>pari</strong></span> <span class='ocrx_word' id='word_1_146' title='bbox 1468 1894 1712 1956; x_wconf 87' lang='lat' dir='ltr'><strong>conspira-</strong></span> 
     </span>
    </p>
   </div>
   <div class='ocr_carea' id='block_1_5' title="bbox 391 2079 765 2115">
    <p class='ocr_par' dir='ltr' id='par_1_6' title="bbox 391 2079 765 2115">
     <span class='ocr_line' id='line_1_26' title="bbox 391 2079 765 2115; baseline 0 -7"><span class='ocrx_word' id='word_1_147' title='bbox 391 2079 444 2115; x_wconf 75' lang='grc' dir='ltr'>(ιι)</span> <span class='ocrx_word' id='word_1_148' title='bbox 471 2079 555 2108; x_wconf 84' lang='lat' dir='ltr'><strong>Cod-</strong></span> <span class='ocrx_word' id='word_1_149' title='bbox 579 2089 765 2110; x_wconf 81' lang='lat' dir='ltr'><strong>concensor.</strong></span> 
     </span>
    </p>
   </div>
   <div class='ocr_carea' id='block_1_6' title="bbox 355 2164 1709 2620">
    <p class='ocr_par' dir='ltr' id='par_1_7' title="bbox 355 2164 1709 2174">
     <span class='ocr_line' id='line_1_27' title="bbox 355 2164 1709 2174; baseline -0.001 -3"><span class='ocrx_word' id='word_1_150' title='bbox 355 2164 1709 2174; x_wconf 43' lang='lat' dir='ltr'><strong>—m———W</strong></span> 
     </span>
    </p>

    <p class='ocr_par' dir='ltr' id='par_1_8' title="bbox 357 2232 1707 2393">
     <span class='ocr_line' id='line_1_28' title="bbox 417 2232 1707 2280; baseline 0 -15"><span class='ocrx_word' id='word_1_151' title='bbox 417 2232 474 2278; x_wconf 80' lang='lat'><strong>(1)</strong></span> <span class='ocrx_word' id='word_1_152' title='bbox 508 2233 629 2267; x_wconf 70' lang='lat' dir='ltr'><strong>Aliam</strong></span> <span class='ocrx_word' id='word_1_153' title='bbox 653 2234 786 2279; x_wconf 67' lang='lat' dir='ltr'><strong>passim</strong></span> <span class='ocrx_word' id='word_1_154' title='bbox 813 2234 1009 2280; x_wconf 76' lang='lat' dir='ltr'><strong>geographi</strong></span> <span class='ocrx_word' id='word_1_155' title='bbox 1040 2234 1287 2280; x_wconf 71' lang='lat' dir='ltr'><strong>appellationis</strong></span> <span class='ocrx_word' id='word_1_156' title='bbox 1319 2234 1420 2267; x_wconf 79' lang='lat' dir='ltr'><strong>huius</strong></span> <span class='ocrx_word' id='word_1_157' title='bbox 1453 2244 1594 2265; x_wconf 71' lang='lat' dir='ltr'><strong>causam</strong></span> <span class='ocrx_word' id='word_1_158' title='bbox 1622 2243 1707 2265; x_wconf 85' lang='lat' dir='ltr'><strong>nar-</strong></span> 
     </span>
     <span class='ocr_line' id='line_1_29' title="bbox 359 2290 1706 2337; baseline -0.001 -14"><span class='ocrx_word' id='word_1_159' title='bbox 359 2299 463 2332; x_wconf 82' lang='lat' dir='ltr'><strong>rant,</strong></span> <span class='ocrx_word' id='word_1_160' title='bbox 494 2303 621 2335; x_wconf 77' lang='lat' dir='ltr'><strong>nempe</strong></span> <span class='ocrx_word' id='word_1_161' title='bbox 655 2291 749 2336; x_wconf 81' lang='lat' dir='ltr'><strong>quod</strong></span> <span class='ocrx_word' id='word_1_162' title='bbox 776 2303 814 2323; x_wconf 85' lang='lat' dir='ltr'><strong>ca</strong></span> <span class='ocrx_word' id='word_1_163' title='bbox 840 2292 920 2323; x_wconf 81' lang='lat' dir='ltr'><strong>urbs</strong></span> <span class='ocrx_word' id='word_1_164' title='bbox 954 2291 1125 2324; x_wconf 73' lang='lat' dir='ltr'><strong>coaluerit</strong></span> <span class='ocrx_word' id='word_1_165' title='bbox 1152 2304 1196 2324; x_wconf 76' lang='lat' dir='ltr'><strong>cx</strong></span> <span class='ocrx_word' id='word_1_166' title='bbox 1226 2291 1331 2323; x_wconf 73' lang='lat' dir='ltr'><strong>trium</strong></span> <span class='ocrx_word' id='word_1_167' title='bbox 1362 2292 1580 2337; x_wconf 80' lang='lat' dir='ltr'><strong>populorum</strong></span> <span class='ocrx_word' id='word_1_168' title='bbox 1606 2290 1706 2323; x_wconf 84' lang='lat' dir='ltr'><strong>colo-</strong></span> 
     </span>
     <span class='ocr_line' id='line_1_30' title="bbox 357 2347 1314 2393; baseline 0.002 -14"><span class='ocrx_word' id='word_1_169' title='bbox 357 2347 425 2380; x_wconf 81' lang='lat' dir='ltr'><strong>niis</strong></span> <span class='ocrx_word' id='word_1_170' title='bbox 448 2348 687 2387; x_wconf 81' lang='lat' dir='ltr'><strong>Aradiorum,</strong></span> <span class='ocrx_word' id='word_1_171' title='bbox 719 2348 949 2382; x_wconf 77' lang='lat' dir='ltr'><strong>Sidoniorum</strong></span> <span class='ocrx_word' id='word_1_172' title='bbox 972 2357 1077 2393; x_wconf 68' lang='lat' dir='ltr'><strong>atqu&lt;¹</strong></span> <span class='ocrx_word' id='word_1_173' title='bbox 1105 2348 1314 2391; x_wconf 76' lang='lat' dir='ltr'><strong>Tyriorum.</strong></span> 
     </span>
    </p>

    <p class='ocr_par' dir='ltr' id='par_1_9' title="bbox 357 2400 1707 2620">
     <span class='ocr_line' id='line_1_31' title="bbox 418 2400 1706 2451; baseline -0.002 -15"><span class='ocrx_word' id='word_1_174' title='bbox 418 2400 478 2451; x_wconf 80' lang='lat'><strong>(2)</strong></span> <span class='ocrx_word' id='word_1_175' title='bbox 513 2404 569 2439; x_wconf 82' lang='lat' dir='ltr'><strong>Sic</strong></span> <span class='ocrx_word' id='word_1_176' title='bbox 595 2413 629 2436; x_wconf 75' lang='lat' dir='ltr'><strong>et</strong></span> <span class='ocrx_word' id='word_1_177' title='bbox 653 2405 747 2449; x_wconf 79' lang='lat' dir='ltr'><strong>apud</strong></span> <span class='ocrx_word' id='word_1_178' title='bbox 771 2404 1003 2438; x_wconf 80' lang='lat' dir='ltr'><strong>Amniiamnn</strong></span> <span class='ocrx_word' id='word_1_179' title='bbox 1024 2415 1125 2440; x_wconf 70' lang='lat' dir='ltr'><strong>XVII.</strong></span> <span class='ocrx_word' id='word_1_180' title='bbox 1151 2411 1181 2438; x_wconf 83' lang='lat'><strong>5.</strong></span> <span class='ocrx_word' id='word_1_181' title='bbox 1217 2405 1303 2437; x_wconf 68' lang='lat' dir='ltr'><strong>lie-x</strong></span> <span class='ocrx_word' id='word_1_182' title='bbox 1335 2417 1455 2449; x_wconf 64' lang='lat' dir='ltr'><strong>regum</strong></span> <span class='ocrx_word' id='word_1_183' title='bbox 1479 2405 1597 2448; x_wconf 77' lang='lat' dir='ltr'><strong>Sapor</strong></span> <span class='ocrx_word' id='word_1_184' title='bbox 1619 2415 1706 2447; x_wconf 74' lang='lat' dir='ltr'><strong>pnr-</strong></span> 
     </span>
     <span class='ocr_line' id='line_1_32' title="bbox 359 2457 1707 2506; baseline -0.002 -13"><span class='ocrx_word' id='word_1_185' title='bbox 359 2462 469 2506; x_wconf 70' lang='lat' dir='ltr'><strong>tice‘ps</strong></span> <span class='ocrx_word' id='word_1_186' title='bbox 494 2461 670 2502; x_wconf 65' lang='lat' dir='ltr'><strong>siderum,</strong></span> <span class='ocrx_word' id='word_1_187' title='bbox 700 2459 827 2505; x_wconf 32' lang='lat' dir='ltr'><strong>*si-uter</strong></span> <span class='ocrx_word' id='word_1_188' title='bbox 848 2461 935 2494; x_wconf 77' lang='lat' dir='ltr'><strong>solis</strong></span> <span class='ocrx_word' id='word_1_189' title='bbox 961 2471 993 2494; x_wconf 78' lang='lat' dir='ltr'><strong>et</strong></span> <span class='ocrx_word' id='word_1_190' title='bbox 1019 2460 1144 2503; x_wconf 76' lang='lat' dir='ltr'><strong>lunae,</strong></span> <span class='ocrx_word' id='word_1_191' title='bbox 1181 2461 1387 2493; x_wconf 66' lang='lat' dir='ltr'><strong>(Jmislantio</strong></span> <span class='ocrx_word' id='word_1_192' title='bbox 1421 2460 1567 2494; x_wconf 78' lang='lat' dir='ltr'><strong>Caesari</strong></span> <span class='ocrx_word' id='word_1_193' title='bbox 1588 2457 1707 2503; x_wconf 69' lang='lat' dir='ltr'><strong>fratri</strong></span> 
     </span>
     <span class='ocr_line' id='line_1_33' title="bbox 359 2516 1704 2563; baseline -0.001 -14"><span class='ocrx_word' id='word_1_194' title='bbox 359 2530 435 2549; x_wconf 67' lang='lat' dir='ltr'><strong>meo</strong></span> <span class='ocrx_word' id='word_1_195' title='bbox 457 2516 618 2550; x_wconf 77' lang='lat' dir='ltr'><strong>salutem.</strong></span> <span class='ocrx_word' id='word_1_196' title='bbox 669 2519 711 2550; x_wconf 73' lang='lat' dir='ltr'><strong>Ei</strong></span> <span class='ocrx_word' id='word_1_197' title='bbox 750 2518 898 2563; x_wconf 73' lang='lat' dir='ltr'><strong>quidem</strong></span> <span class='ocrx_word' id='word_1_198' title='bbox 928 2518 1239 2551; x_wconf 64' lang='lat' dir='ltr'><strong>anuliiiiosissimos</strong></span> <span class='ocrx_word' id='word_1_199' title='bbox 1267 2518 1386 2550; x_wconf 66' lang='lat' dir='ltr'><strong>situlos</strong></span> <span class='ocrx_word' id='word_1_200' title='bbox 1417 2516 1575 2561; x_wconf 51' lang='lat' dir='ltr'><strong>epixrolis</strong></span> <span class='ocrx_word' id='word_1_201' title='bbox 1599 2527 1704 2561; x_wconf 79' lang='lat' dir='ltr'><strong>prae-</strong></span> 
     </span>
     <span class='ocr_line' id='line_1_34' title="bbox 357 2574 1592 2620; baseline -0.002 -14"><span class='ocrx_word' id='word_1_202' title='bbox 357 2575 445 2619; x_wconf 71' lang='lat' dir='ltr'><strong>poni</strong></span> <span class='ocrx_word' id='word_1_203' title='bbox 470 2575 594 2607; x_wconf 71' lang='lat' dir='ltr'><strong>solitos</strong></span> <span class='ocrx_word' id='word_1_204' title='bbox 618 2574 659 2607; x_wconf 80' lang='lat' dir='ltr'><strong>ab</strong></span> <span class='ocrx_word' id='word_1_205' title='bbox 683 2574 837 2608; x_wconf 60' lang='lat' dir='ltr'><strong>mimicis</strong></span> <span class='ocrx_word' id='word_1_206' title='bbox 860 2575 1000 2620; x_wconf 66' lang='lat' dir='ltr'><strong>regibus</strong></span> <span class='ocrx_word' id='word_1_207' title='bbox 1033 2576 1146 2608; x_wconf 68' lang='lat' dir='ltr'><strong>multo</strong></span> <span class='ocrx_word' id='word_1_208' title='bbox 1175 2574 1500 2620; x_wconf 48' lang='lat' dir='ltr'><strong>implorum-&gt;imunt</strong></span> <span class='ocrx_word' id='word_1_209' title='bbox 1529 2581 1592 2605; x_wconf 73' lang='lat' dir='ltr'><strong>est.</strong></span> 
     </span>
    </p>
   </div>
  </div>
 </body>
</html>
