1732 3121
316 190 397 231 284
685 186 1038 228 ALEXANDRI
1072 185 1274 228 OBITVS

920 255 933 278 Q

315 315 409 357 est,
445 303 612 350 statim
645 303 750 364 ipsa
771 301 827 337 (αὶ
858 301 1108 350 invectum
1156 300 1217 346 ad
1249 317 1412 365 regem
1459 300 1660 355 detulit,

312 386 682 450 Alexandroque
722 384 899 430 habere
942 384 1127 429 mirum
1172 384 1304 445 quod
1348 385 1624 432 ostenderet
1649 418 1692 446 ‚-

311 468 662 530 praeiudicavit
685 465 746 514 (ὅ).
805 469 958 533 Igitur
991 468 1230 532 ingressus
1266 467 1351 530 qui
1384 468 1486 532 regi
1519 469 1663 514 mira-

313 553 481 598 culum
516 565 810 600 monstraret
846 552 1060 598 offendit
1096 568 1208 597 eum
1241 551 1293 596 in
1317 549 1545 597 cubiculo
1565 568 1665 596 me-

301 635 501 691 ridiano
532 621 711 684 *somno
748 650 865 684 tunc
911 635 1143 682 deditum.
1205 633 1298 679 Sed
1331 633 1393 680 ad
1427 634 1665 696 srepitum

310 717 627 780 irrumpentis
674 737 784 768 cum
828 720 1103 785 expergitus
1150 717 1302 772 foret,
1360 717 1666 779 audissetque

311 816 531 855 causam,
567 804 824 850 mulierem
858 803 1026 849 induci
1060 801 1212 848 iubet.
1256 805 1472 866 Ingressa
1516 801 1667 865 igitur

308 884 477 929 statim
529 883 762 933 facessere
811 887 1062 933 universos
1113 904 1138 931 e
1192 883 1438 948 praesenti
1486 882 1667 929 mulier

309 966 481 1020 edicit,
529 968 634 1031 ipsa
669 987 784 1016 vero
829 971 1013 1016 revelat
1055 968 1304 1031 nudatque
1348 966 1481 1031 quod
1526 982 1667 1013 vexe-
1702 989 1706 993 ,

307 1061 384 1094 rat
406 1051 451 1084 (⁰)
487 1049 842 1115 profiteturque
876 1071 926 1099 se
960 1053 1216 1115 peperisse.

127 1143 294 1180 portenti
409 1137 712 1180 LXXXVIII.
758 1140 886 1199 Ergo
923 1136 982 1180 ad
1001 1135 1297 1181 miraculum
1316 1133 1519 1179 visionis
1541 1132 1666 1178 eius-

75 1204 292 1249 interpreta-
306 1215 447 1262 modi
475 1216 614 1262 iubet
647 1217 814 1263 statim
850 1217 1124 1264 Alexander
1157 1216 1499 1282 prodigiorum
1517 1217 1665 1261 inter-

77 1270 142 1296 UO-

306 1312 466 1363 pretes
500 1301 762 1347 convenire
795 1317 850 1346 ac
883 1300 1106 1363 profiteri
1138 1300 1313 1363 ecquid
1336 1297 1390 1332 (d)
1425 1298 1665 1345 eiusmodi

308 1383 499 1429 novitas
534 1384 829 1439 minaretur,
866 1385 1307 1447 interminaturque
1333 1399 1482 1446 quam
1499 1393 1663 1429 sancte

305 1467 403 1512 nisi
440 1484 498 1512 ex
534 1465 627 1512 fide
675 1467 898 1514 dixerint.
955 1471 1090 1515 Unus
1133 1468 1285 1533 igitur
1329 1486 1356 1515 e
1400 1466 1665 1530 praesenti-

306 1549 396 1595 bus
430 1566 608 1615 magno
644 1568 757 1597 cum
791 1551 977 1616 gemitu
994 1553 1096 1617 regi
1130 1562 1381 1615 separato:
1418 1552 1572 1605 Eheu,
1586 1550 1662 1595 in-

307 1634 431 1695 quit,
450 1636 698 1681 malorum
720 1635 968 1690 omnium,
1005 1636 1142 1688 eheu,
1165 1636 1236 1680 mi
1258 1632 1366 1681 rex!
1404 1651 1505 1681 non
1525 1633 1658 1680 enim

304 1718 406 1763 iam
443 1717 583 1763 bonis
619 1735 776 1779 neque
809 1718 938 1764 inter
971 1719 1109 1765 vivos
1152 1719 1377 1765 homines
1412 1718 1539 1763 ultra
1571 1731 1660 1763 no·

304 1801 569 1847 minabere.
625 1800 718 1848 Sed
752 1817 840 1847 cur
873 1801 964 1846 ista
1015 1801 1217 1847 sentiret
1261 1802 1500 1864 interpres
1544 1817 1657 1847 cum

336 1978 401 2012 (a)
428 1978 512 2008 Cod·
536 1977 591 2008 his
609 1977 684 2008 has.
714 1978 772 2017 (b)
798 1982 847 2008 Ita
872 1979 948 2008 cod.
977 1980 1035 2014 (c)
1061 1979 1145 2009 Cod.
1169 1981 1314 2012 vixerat.
1341 1981 1395 2014 (d)
1410 1982 1496 2011 Cod.
1512 1981 1657 2022 etquid.

301 2134 447 2166 datum.-
480 2145 546 2179 quo
570 2131 672 2166 illum
693 2141 849 2167 utentem
876 2146 955 2167 cum
978 2135 1139 2168 exer-citu
1163 2133 1338 2180 progredi
1357 2134 1524 2178 coepisse.
1562 2133 1655 2169 Tum

301 2191 334 2223 ez'
356 2189 479 2223 ducem
507 2188 608 2222 illum
632 2191 856 2236 praecepisse
880 2203 923 2224 ne
956 2193 1171 2236 respiceret:
1215 2189 1317 2223 illurn
1347 2199 1465 2223 autem
1497 2191 1535 2224 id
1572 2191 1654 2224 diu-

302 2244 515 2291 tiusfacere
537 2259 606 2280 non
630 2249 808 2292 potuisse,
848 2248 1046 2294 elatumque
1080 2248 1276 2293 cupiditate
1310 2248 1536 2293 respexisse.-
1579 2257 1654 2281 tum

301 2305 415 2337 visam
445 2302 588 2336 beluam
616 2314 754 2337 vastam
795 2315 832 2338 et
866 2306 1053 2339 immanem
1097 2303 1401 2350 circumplicatam
1429 2303 1655 2350 serpentibus

297 2373 514 2407 quacumque
536 2361 712 2394 incederet
729 2364 848 2395 omnia
875 2362 1021 2397 arbusta
1040 2361 1202 2408 virgulta
1233 2371 1326 2394 tecta
1354 2371 1584 2407 pervertere:
1617 2372 1653 2396 ec

297 2429 378 2450 eum
400 2417 615 2451 admiratum
635 2420 811 2465 quaesisse
833 2420 878 2453 de
903 2420 980 2453 Deo
1003 2419 1180 2465 quodnam
1204 2417 1298 2450 illud
1330 2427 1418 2452 esset
1454 2418 1526 2452 tale
1551 2431 1651 2453 mon-

296 2483 407 2507 strum
422 2488 433 2507 .·
464 2483 499 2506 et
521 2474 633 2508 Deum
656 2476 901 2521 respondisse,
930 2478 1135 2511 vastitatem
1153 2489 1226 2509 esse
1249 2474 1378 2508 Italiae
1392 2489 1403 2507 .-
1444 2477 1650 2522 praecepis-

297 2543 401 2577 seque
425 2541 464 2564 uc
485 2541 654 2578 pergeret
684 2535 868 2580 protinus:
899 2534 984 2581 quid
1012 2542 1106 2569 retro
1135 2543 1283 2581 atqueba
1309 2532 1573 2581 eergo'fieret,
1605 2545 1649 2565 ne

297 2586 493 2622 laboraret.
