1752 3116
559 179 663 219 SEV
696 180 877 222 LIBER
899 180 932 221 1.
1330 192 1349 222 1
1360 191 1405 223 27

67 312 187 349 esse,
235 292 368 357 quod
413 310 471 340 ex
512 310 650 340 more
695 295 828 359 regio
872 295 1079 357 petitum
1114 297 1342 358 pecunias
1377 315 1402 343 a

61 379 290 440 Philippo
325 377 568 424 venissent
584 376 651 437 (Ι),
686 378 899 439 pretium
933 379 1117 425 scilicet
1154 397 1301 442 aquae
1336 395 1403 428 at-

64 478 156 522 que
190 473 371 506 terrae:
409 461 483 506 his
522 462 653 506 enim
686 462 966 508 nominibus
991 462 1231 510 subiectos
1268 463 1402 510 obse-

60 545 143 607 qui
187 544 281 589 sibi
326 549 494 591 Persae
550 544 818 605 deposcunt
851 544 919 589 <²>.·
995 545 1205 591 Miratus
1254 546 1401 610 igitur

54 627 323 694 Alexander
357 639 405 673 et
437 626 629 689 petendi
665 643 854 672 morem
890 638 937 673 et
968 627 1192 682 titulum3
1229 630 1397 675 Haeci-

53 728 116 756 ne
146 710 224 764 (a),
291 711 475 773 inquit,
522 710 760 755 elementa
797 705 844 742 (b)
886 713 1053 756 Persae
1109 710 1398 758 mortalibus

52 793 328 847 venditant,
378 808 501 854 quae
536 793 720 839 cunctis
756 797 887 840 Deus
931 795 981 838 in
1018 812 1282 841 commune
1305 796 1397 839 lar-

48 877 176 941 gituS
211 873 320 922 est?
353 874 571 924 Dolebat
597 893 736 939 ergo,
774 877 1014 939 altiusque
1049 876 1396 924 adolescentuli

47 961 152 1005 vim
185 957 434 1021 carpebat,
472 958 602 1021 quod
623 959 717 1004 viri
738 961 897 1024 graeci
920 961 1134 1007 nominis
1165 977 1219 1006 ac
1240 959 1394 1024 digni·

45 1043 156 1088 tatis
190 1043 446 1107 vectigales
486 1040 703 1088 barbaris
747 1042 940 1089 fierent:
987 1059 1112 1105 quae
1153 1060 1226 1089 res
1273 1054 1393 1087 esset

43 1124 322 1188 petentibus
344 1124 522 1189 iugiter
534 1125 595 1170 ad
608 1126 945 1190 magisterium
965 1127 1226 1174 servitutis.
1262 1131 1390 1171 Tum

32 1210 190 1273 igitur
208 1208 464 1269 paululum
489 1207 707 1253 barbaris
731 1209 952 1254 indidem
978 1209 1229 1270 separatis,
1267 1208 1392 1253 ferre

44 1309 69 1336 a
100 1308 148 1336 se
177 1289 403 1334 mandata
439 1289 498 1334 ad
522 1291 729 1336 Darium
752 1288 911 1336 iubet:
950 1293 1082 1337 Haec
1113 1292 1190 1336 illi
1215 1291 1259 1323 (ε)
1283 1292 1389 1337 Ale-

40 1373 281 1421 xandrum
315 1373 544 1417 nunciare
577 1384 626 1417 et
658 1372 845 1418 dicere:
882 1373 1003 1419 boni
1033 1376 1305 1420 consuleret
1340 1385 1388 1418 et

40 1457 100 1504 ab
132 1457 220 1502 hac
254 1454 453 1518 petendi
479 1454 826 1500 consuetudine
855 1467 1158 1518 temperaret.
1197 1456 1386 1517 Quippe

37 1557 184 1603 quem
223 1540 327 1601 ipse
365 1555 555 1585 morem
600 1537 822 1599 petendis
856 1539 1075 1599 pecuniis
1111 1538 1383 1590 indixisset,

36 1625 167 1670 hunc
203 1640 229 1670 a
269 1641 318 1670 se
356 1622 581 1686 protinus
621 1632 846 1666 exactum
898 1622 984 1666 iri:
1036 1637 1226 1683 unaque
1273 1638 1384 1667 cum

36 1708 138 1762 his,
188 1724 308 1770 quae
339 1719 450 1765 ante
484 1707 704 1768 dispensa
742 1704 865 1757 sint,
903 1705 1100 1767 propria
1131 1722 1384 1767 quaecum-

37 1807 131 1851 que
179 1790 277 1835 sint
319 1790 473 1835 Persis
521 1788 847 1834 Alexandrum
900 1788 1186 1847 petiturum.
1259 1794 1382 1834 Cum

33 1873 110 1917 his
147 1871 288 1917 dictis
326 1870 475 1935 exigit
507 1871 730 1916 homines
768 1868 1035 1930 proficisci,
1096 1886 1158 1915 ne
1199 1870 1382 1917 littera-

34 1971 147 2000 rum
184 1952 384 2016 quidem
437 1970 600 2018 regem
646 1952 959 2013 responsione
1002 1951 1235 2016 dignatus.
1305 1952 1382 2001 Ad

32 2038 186 2083 animi
221 2038 320 2084 eius
356 2034 767 2102 magnificentiam
797 2032 1050 2095 Philippus
1093 2035 1378 2099 erigebatur,

65 2196 117 2227 (α)
142 2196 192 2222 Ita
216 2193 295 2223 cod.
323 2201 403 2221 cum
425 2200 495 2220 una
516 2200 534 2219 c
556 2198 646 2226 quae
670 2193 722 2218 est
745 2193 848 2217 vetus
871 2187 1102 2224 ortographia.
1144 2184 1192 2219 (b)
1215 2188 1301 2215 cod.
1324 2186 1381 2216 cli·

29 2250 159 2273 menta.
201 2245 246 2275 (c)
271 2242 354 2271 cod.
381 2238 454 2271 sibi.

91 2368 154 2420 (1)
187 2370 399 2405 Macedones
432 2368 635 2402 tributarios
661 2367 851 2401 Persarum
878 2362 965 2395 dicit
998 2369 1079 2394 ante
1110 2374 1147 2394 se
1171 2362 1376 2395 Alexander

31 2428 126 2472 apud
149 2428 314 2462 Curtium
342 2437 381 2460 x.
407 2431 441 2457 2.

91 2480 152 2532 (2)
185 2485 264 2519 Rex
287 2485 474 2518 Persarum
496 2480 587 2525 petit
612 2491 630 2512 a
653 2477 775 2524 graecis
801 2484 930 2508 terram
955 2483 989 2507 et
1014 2487 1139 2522 aquam
1167 2474 1272 2520 (sive
1298 2475 1371 2508 eius

30 2541 82 2574 rei
106 2539 290 2586 pretium)
322 2539 429 2575 etiam
451 2536 544 2581 apud
570 2535 794 2570 Herodotum
819 2543 891 2566 vn.
923 2538 975 2565 52.
