1752 3116
364 165 383 196 1
392 159 443 199 14
743 158 1093 200 ALEXANDRI
1130 157 1313 201 oRTVS

360 269 600 335 gladium,
637 288 899 333 omnesque
923 272 1008 333 qui
1033 271 1162 318 forte
1184 290 1284 319 sese
1312 274 1464 320 veluti
1487 275 1549 321 ad
1567 291 1699 322 com-

360 355 758 415 prehendendum
786 355 1051 409 irruerant,
1089 355 1292 401 dissicit:
1329 370 1524 419 prorsus
1544 370 1601 404 ut
1624 359 1697 403 ni-

358 437 516 483 hilum
558 438 615 484 de
651 444 999 486 Centaurorum
1023 439 1440 502 Lapitharumque
1468 441 1696 488 convivio

358 519 649 567 demutaret:
687 534 770 567 aut
796 520 926 583 quod
946 521 1023 566 illi
1053 522 1124 567 rei
1153 523 1216 566 sit
1246 523 1553 583 proximum,
1587 542 1699 586 pro-

356 620 436 650 cos
470 604 648 651 diceres
684 622 795 651 cum
830 606 992 650 ultore
1017 605 1160 650 Ulixe
1193 603 1462 653 decernere.
1527 611 1694 672 Egres-

352 704 429 733 sus
463 689 610 752 igitur
645 688 870 734 concedit
903 686 963 733 ad
994 699 1218 734 matrem.

133 781 350 832 Alexandri*
450 775 526 816 VI.
573 772 719 816 Enim
764 772 848 834 qui
890 772 1088 817 aderant
1118 771 1409 834 Philippum
1451 789 1552 818 non
1587 771 1694 820 abs·
1749 779 1752 784 '

116 840 160 873 ad
191 839 332 884 Philip-

112 909 200 942 PUln
247 907 331 931 013*

111 953 173 986 tio.

349 872 441 915 que
473 845 750 900 discrimine
782 855 1090 900 vulneratum
1117 853 1344 902 cubiculo
1379 854 1689 909 inducebant,

347 939 569 999 lectoque
599 927 860 1000 deponunt.
918 936 1009 983 Sed
1033 937 1074 983 is
1104 953 1216 983 cum
1243 950 1354 999 post
1388 939 1690 1000 compluscu-

343 1021 418 1066 los
453 1021 551 1066 dies
578 1022 677 1066 iam
714 1021 894 1066 bonam
924 1037 1060 1082 spem
1096 1021 1336 1066 curationi
1361 1021 1686 1083 promitteret,

338 1104 609 1167 ingreditur
654 1104 807 1149 amica
853 1102 1184 1150 sollicitudine
1227 1116 1346 1149 tunc
1391 1103 1685 1157 Alexander,

336 1186 641 1247 assidensque
676 1188 858 1232 lectulo
895 1217 914 1239 »
928 1191 1136 1247 Quaeso,
1173 1186 1358 1248 inquit,
1395 1203 1423 1232 o
1458 1187 1687 1249 Philippe

336 1268 557 1331 „(adhuc
593 1269 724 1314 enim
755 1281 801 1315 te
833 1270 927 1315 hoc
962 1268 1215 1314 communi
1238 1267 1290 1300 (α)
1324 1269 1525 1315 nomine
1562 1270 1684 1315 allo-⁴

334 1369 511 1414 „quon
548 1363 602 1397 ut
637 1353 842 1406 amicus,
890 1352 1122 1398 donicum
1145 1348 1205 1412 (ὃ),
1226 1353 1376 1412 patris
1410 1353 1461 1396 in
1500 1364 1544 1398 te
1580 1353 1681 1398 ani·
1725 1375 1732 1381 =

333 1452 502 1488 »11111111
524 1436 892 1499 recognovero),
928 1435 1043 1496 quid
1059 1435 1252 1480 tandem
1267 1435 1359 1479 hoc
1379 1435 1448 1480 rei
1464 1447 1532 1481 est
1546 1435 1678 1496 quod

332 1547 350 1571 »
366 1529 411 1563 te
444 1518 620 1563 avertit
654 1534 678 1562 a
715 1517 918 1581 coniuge
933 1517 956 1562 ⁸?
1011 1526 1141 1564 Aveo
1168 1518 1212 1548 (ὃ)
1249 1518 1381 1563 enim
1413 1518 1535 1563 scire
1570 1519 1675 1563 vin-

329 1631 348 1655 »
361 1600 451 1646 dex
481 1613 529 1647 et
557 1603 688 1648 ultor
722 1601 912 1646 futurus
944 1601 996 1646 in
1027 1613 1233 1646 matrem
1259 1602 1302 1648 si
1333 1603 1474 1663 culpa
1495 1601 1676 1648 meruit

327 1683 490 1745 „quod
532 1696 766 1730 evenerat.
835 1689 943 1730 Huc
988 1684 1131 1738 adde,
1182 1685 1223 1730 si
1268 1685 1451 1747 placet,
1481 1684 1672 1747 ‘probes

325 1783 419 1819 „ne
460 1767 600 1811 illam
635 1767 809 1827 Lysiae
852 1768 903 1813 in
940 1766 1269 1816 Alexandrum
1309 1767 1670 1830 petulantiam?

322 1849 588 1911 „probesve
632 1851 779 1896 etiam
813 1851 963 1912 patris
1008 1851 1058 1895 in
1094 1849 1254 1894 filium
1290 1851 1670 1899 truculentiam?

320 1962 340 1987 »
355 1932 482 1996 Quid
528 1934 660 1978 enim
703 1945 905 1995 uterque
952 1934 1331 1980 commeruimus
1376 1950 1401 1980 a
1443 1925 1592 1997 patre¹
1621 1948 1670 1982 et

319 2013 566 2068 ‚‚1narito?
600 2014 798 2061 Abiecta
836 2016 1087 2078 Olympias
1122 2017 1326 2072 coniux,
1380 2030 1429 2064 et
1462 2020 1676 2064 Alexanae

318 2098 434 2152 „der
472 2096 595 2144 filius
621 2099 904 2145 incursatur.
969 2099 1097 2162 Quin
1127 2116 1240 2164 ergo
1269 2116 1434 2164 surge,
1472 2112 1520 2145 et
1551 2116 1663 2147 con-

316 2180 542 2234 „firmato
592 2183 905 2244 corpusculo,
951 2183 1171 2227 animum
1215 2184 1362 2228 etiam
1411 2183 1658 2230 labantem

314 2281 440 2318 »una
477 2266 738 2319 curaveris,
785 2264 903 2311 adeo
939 2267 1155 2311 saucium
1191 2264 1421 2312 fatalibus
1456 2266 1659 2313 forsitan

312 2349 732 2410 „temptamentis.
788 2348 919 2395 Adeo
938 2346 991 2380 (ἆ)
1028 2347 1118 2393 tibi
1154 2349 1496 2412 Olympiadem
1526 2361 1659 2395 tuam

343 2490 394 2521 (a)
423 2489 506 2517 Cod.
527 2489 579 2518 ad
606 2488 664 2518 hoc
687 2490 777 2518 enim
805 2497 836 2518 ce
865 2488 920 2518 hoc
942 2497 975 2518 ec
1005 2492 1181 2520 communi.
1231 2488 1275 2523 (b)
1299 2499 1361 2527 pro
1385 2491 1539 2519 aoracum
1561 2492 1660 2520 habet

309 2533 382 2566 honi
405 2547 488 2566 cum.
534 2540 578 2571 (c)
604 2539 688 2567 Cod.
713 2536 825 2567 haheo.
865 2540 920 2571 hl)
947 2542 996 2567 lta
1023 2539 1097 2567 cod.
1125 2541 1250 2569 iterum
1278 2541 1374 2570 adeo.
