1752 3116
538 208 892 251 ALEXANDRI
1330 214 1382 253 65

41 321 347 388 dignatione,
383 322 599 370 vinceret
625 323 749 369 ratio
776 339 898 384 quae
920 322 1022 369 fato
1046 323 1275 371 obviabat
1299 324 1378 372 (¹).

41 411 108 452 Ac
146 418 289 452 nocte
315 407 466 452 Tanai
502 406 782 452 transmisso
820 418 919 451 tam
954 406 1098 452 facile
1129 424 1276 468 quam
1301 424 1382 452 au-

41 488 204 535 dacter
236 491 397 537 hostes
430 489 592 551 primo
623 489 817 534 incursu
852 489 987 554 fugat
1019 488 1270 550 caeditque
1304 505 1385 550 pa·-

41 571 210 617 lantes.
271 577 365 618 Eos
400 590 514 619 vero
551 573 948 634 intemperantius
983 589 1269 634 persequens
1305 572 1387 617 siti

44 655 253 699 aestivae
277 654 559 701 succumbit.
612 659 784 716 Neque
811 671 934 716 aqua
968 653 1157 700 utibilis
1183 668 1386 717 reperta.

46 737 294 799 Quidquid
324 738 382 783 de
406 738 565 785 fluviis
595 750 677 784 aut
711 738 826 784 rivis
844 739 893 768 (a)
930 737 989 783 ab
1023 739 1205 784 aestivo
1236 740 1287 782 in
1325 739 1390 782 la·
1411 732 1430 742 '⁸

46 820 183 865 cunis
218 832 338 874 erat,
377 838 433 867 eo
464 821 610 883 proni
637 837 690 866 ac
726 821 888 885 lingua
921 820 1188 867 lambentes
1219 823 1392 867 hausto

48 919 137 948 ceu
167 905 457 959 necessario,
494 905 677 949 latente
710 906 810 950 eius
845 918 977 967 peste
1012 905 1231 966 corrupti
1265 914 1391 951 sunt.

48 987 241 1049 Quippe
286 1004 340 1033 ea
374 987 577 1048 qualitas
623 988 732 1032 alvo
776 989 1009 1034 laxandae
1049 986 1395 1034 efficacissima.

48 1072 121 1114 Ita
156 1086 323 1116 omnes
361 1070 548 1115 viribus
584 1072 774 1116 vacuati
808 1084 941 1117 aestu
967 1069 1014 1103 (h)
1055 1071 1285 1117 intestino
1324 1086 1398 1116 ca-

49 1152 194 1205 loris,
249 1165 305 1198 ut
350 1154 511 1199 minus
557 1157 788 1200 nonnulli
827 1157 964 1201 hoste
1011 1173 1157 1217 quam
1204 1152 1400 1199 vitio(⁰)

50 1237 464 1296 praevenirentur.
526 1241 734 1283 Insecuti
770 1237 1092 1282 nihilominus
1126 1252 1298 1282 eorum
1333 1236 1400 1281 le-

54 1320 154 1383 gati
187 1323 379 1365 vae-niam
413 1322 579 1366 erratis
610 1332 720 1382 post
736 1317 790 1351 (d)
826 1319 1083 1364 victoriam
1116 1319 1399 1364 retulerunt.

155 1407 410 1449 LXXXVI.
467 1405 509 1449 li
557 1420 705 1464 porro
741 1402 1032 1449 B‘Iacedones
1070 1402 1154 1463 qui
1196 1402 1248 1446 in
1295 1417 1403 1447 arce
1462 1422 1589 1462 Clades

54 1485 382 1533 Maracundae
419 1486 788 1537 obsidebantur,
825 1498 937 1531 ante
973 1485 1238 1530 adventum
1273 1483 1403 1529 auxi·
1420 1485 1588 1518 Macedo-

54 1567 113 1612 lii
161 1569 418 1629 eruptione
463 1568 588 1613 facta
635 1567 920 1614 disiecerant
963 1570 1127 1615 hostes
1173 1583 1227 1612 ac
1273 1567 1406 1630 fuga·
1421 1553 1520 1576 num.

56 1662 182 1696 rant.
248 1651 463 1715 Longius
505 1663 668 1696 tamen
705 1668 785 1697 eos
828 1653 879 1696 in
906 1653 952 1683 (⁸)
985 1650 1248 1714 Sogdianos
1284 1650 1408 1694 inse-

58 1735 186 1789 cuti,
246 1734 332 1780 ubi
366 1735 424 1780 de
459 1735 620 1780 reditu
658 1736 920 1781 consulunt
955 1750 1246 1794 amnemque
1281 1733 1410 1779 Poli-

60 1830 248 1864 metum
271 1818 326 1852 (f)
363 1817 585 1870 adfuere,
634 1820 812 1862 sensim
859 1815 1264 1879 prosequentibus
1299 1819 1410 1876 Scy-

98 1960 137 1991 (α.
174 1958 258 1987 cod.
275 1959 371 1987 nivis.
396 1956 442 1990 (b)
458 1958 539 1986 Cod.
558 1966 694 1988 “amate
705 1966 812 1997 gestu·
839 1959 884 1991 (c)
899 1958 981 1986 Cod.
997 1956 1128 1986 hostilis
1143 1958 1230 1986 vicio.
1254 1935 1309 1991 (ri)
1327 1955 1412 1984 cod.

64 2018 127 2048 pro
150 2008 333 2038 victoriam.
367 2009 412 2040 (e)
428 2007 510 2035 Cod-
530 2010 643 2044 proin
661 2009 765 2037 habet
786 2008 855 2046 qui.
891 2007 946 2042 (f)
961 2008 1129 2036 Arrianu-
1150 2007 1273 2035 scribit
1298 2001 1417 2033 Hah-

66 2069 218 2102 τιμητσν·

132 2178 194 2230 (1)
226 2184 342 2216 Locus
369 2181 481 2214 nimio
509 2180 626 2214 studio
658 2181 843 2214 brevitatis
876 2181 1069 2221 obscurus,
1108 2179 1166 2212 vel
1199 2179 1306 2212 etiam
1338 2190 1417 2213 cor-

74 2249 223 2285 ruptus,
261 2238 381 2270 haurit
409 2239 527 2271 lucem
556 2239 597 2270 ab
623 2239 774 2272 Arriano
800 2248 856 2271 IV.
881 2241 913 2272 4.
948 2237 1006 2283 qui
1041 2237 1090 2270 ait
1114 2237 1321 2270 Alexand-ro
1351 2248 1418 2282 pro

77 2296 227 2330 transitu
250 2294 380 2328 Tanais
406 2294 615 2328 sacrificanti
636 2308 706 2329 non
732 2295 836 2328 semel
868 2293 1020 2326 infausta
1046 2294 1148 2338 signa
1172 2304 1248 2326 esse
1277 2292 1418 2338 prodita

78 2361 247 2387 monente
272 2360 354 2383 vate
378 2351 590 2384 Aristandro
619 2360 657 2385 ut
690 2353 732 2384 ab
761 2363 801 2384 eo
832 2351 979 2384 consilio
1008 2351 1198 2383 recederet.
1259 2350 1421 2384 Alexan-

81 2411 187 2443 drum
220 2408 454 2441 nihilominus
479 2409 615 2453 pudore
641 2418 675 2441 et
703 2408 952 2453 indignatione
978 2407 1243 2452 impellentibus
1267 2406 1421 2440 Tanaim

81 2478 266 2512 superasse
296 2464 514 2510 Scythasque
548 2465 587 2498 in
617 2466 742 2511 fugam
774 2464 946 2498 vertisse:
984 2464 1046 2497 sed
1080 2476 1166 2497 mox
1198 2464 1316 2509 ipsum
1340 2475 1422 2496 cum

84 2523 243 2557 exercitu
270 2522 478 2568 gravissima
502 2521 560 2555 siti
583 2533 744 2567 pressum
777 2532 949 2567 epotaque
972 2520 1144 2554 insalubri
1167 2532 1256 2566 aqua
1282 2520 1424 2565 pericu-

83 2582 156 2614 lose
185 2578 421 2624 aegrotavizse,

1137 2636 1161 2673 Γ)
