1752 3116
524 198 878 255 ALEXANDRI
1314 213 1365 252 81

26 303 223 353 idoneas
254 310 488 374 coegisset
513 316 734 376 experiri.
790 321 898 380 ‚Quo
925 317 978 353 (α)
1004 319 1259 369 adversum
1290 341 1367 375 eas

27 389 193 436 animo
231 393 455 439 arderet?
502 397 689 443 Milites
724 418 838 447 vero
890 401 948 447 ad
983 403 1099 451 haec
1135 408 1260 452 ultra
1300 410 1366 453 la-

26 469 197 518 borem
248 487 295 520 et
336 477 549 538 pericula
592 482 993 543 deprecabantur:
1052 503 1203 535 annos
1235 505 1364 543 ·x11·,

23 555 221 602 vulnera
270 571 319 603 et
349 577 550 608 suorum
585 564 817 612 desideria
853 582 1173 625 numerante&
1242 576 1368 619 Data

23 636 174 701 igitui
211 639 344 687 fessis
381 645 569 704 quiete,
618 649 894 697 volentibus
927 654 1095 705 utitur
1164 658 1369 701 Succen-

22 722 213 766 tuiiari
231 735 391 771 tamen
428 725 636 774 dimissis
672 732 791 778 alios
827 751 854 781 e
884 737 1040 797 patria
1077 736 1227 789 iubet
1276 742 1368 786 Ita-

24 818 118 864 que
152 806 386 853 victoriae
421 811 622 857 avaritia
657 830 768 859 usus
803 834 1038 865 oceanum
1075 822 1223 868 venit.

128 892 285 935 CXIV.
322 891 393 936 Ibi
418 910 513 955 que
520 911 613 955 que
635 896 912 946 inmodicus
932 902 1226 964 cupiditatis,
1251 922 1369 967 quo-

1443 927 1553 961 Alexa
1560 941 1600 961 n-

21 970 155 1016 niam
176 969 221 1002 (ὅ)
256 974 307 1017 in
337 976 540 1024 navibus
564 980 706 1025 textis
739 983 1012 1042 periculum
1032 988 1181 1033 vellet
1210 987 1368 1034 faeere
1386 983 1449 1016 der
1499 997 1602 1019 0083-

21 1066 243 1110 naturae‚
280 1069 329 1103 et
364 1060 482 1121 quid
507 1060 601 1107 sibi
630 1063 707 1108 vel
743 1065 945 1126 quisque
976 1067 1027 1112 id
1055 1071 1207 1115 vellet
1240 1072 1366 1117 ultra

21 1137 204 1185 liceret.
276 1145 457 1187 Verum
494 1157 699 1205 repente
726 1162 838 1191 cum
880 1148 998 1195 flatu
1031 1153 1249 1201 violento
1295 1173 1368 1202 re·

21 1218 157 1266 diens
190 1223 385 1270 haustus
432 1228 599 1273 oceani
645 1227 792 1275 solito
828 1231 1164 1280 vehementior
1197 1253 1368 1283 omnes

19 1306 86 1349 ad
119 1306 212 1351 hoc
250 1318 441 1367 paratos
482 1308 612 1362 inter
651 1326 793 1357 naves
838 1313 1054 1379 confligit
1094 1330 1143 1362 et
1177 1320 1367 1383 mergit.

19 1391 191 1451 Neque
226 1390 390 1453 agnitu
427 1390 628 1437 difficile
662 1392 714 1436 id
749 1406 875 1448 erat,
912 1401 1043 1443 Deos
1075 1412 1192 1447 voto
1221 1402 1369 1448 refra-

17 1472 145 1534 gari,
180 1472 356 1533 quibus
393 1476 610 1535 quamvis
646 1476 748 1536 ipse
788 1477 947 1524 obniti
985 1495 1150 1547 negat,
1186 1484 1368 1545 nequid

19 1552 229 1616 impium
251 1555 424 1602 audeat
449 1568 712 1619 temptare3
748 1560 904 1607 mittit
927 1573 1088 1610 tamen
1110 1579 1367 1629 promptos

21 1637 272 1694 audatiae,
328 1640 553 1702 nihilque
606 1643 707 1707 regi
754 1644 980 1692 audentes
1022 1664 1195 1712 negare
1240 1654 1367 1698 Ono-

19 1723 276 1768 marchum
311 1734 360 1768 et
383 1725 556 1771 Neona
580 1722 629 1756 <²³
665 1730 933 1792 (congestis
967 1731 1082 1776 navi
1112 1748 1232 1793 quae
1265 1735 1366 1781 cui-

22 1821 114 1867 que
152 1805 227 1860 ⁴sic
261 1806 449 1852 volenti
492 1807 546 1852 in
580 1809 783 1874 longum
817 1812 924 1857 usui
958 1816 1254 1876 necessaria)
1288 1817 1364 1863 uti

17 1888 372 1950 circumputato
408 1906 587 1937 oceano
624 1907 871 1956 comperta
906 1897 1201 1943 nuntiarent,

1385 1053 1472 1074 num
1537 1055 1602 1077 ex-

1384 1098 1513 1144 plorat.

118 1976 254 2019 CXV.
313 1976 502 2036 Quippe
544 1976 870 2024 Alexandrum
913 1980 1077 2028 animo
1120 1981 1268 2028 fnisse
1302 1983 1361 2028 ad
1378 2003 1570 2038 Alexandri

16 2056 315 2119 appetentias
347 2056 503 2120 rigido
535 2070 584 2104 et
603 2060 873 2117 indomito,
909 2063 991 2110 hic
1026 2081 1218 2127 quoque
1246 2061 1550 2113 con„i1nn1ensa

15 2140 327 2187 siderandum
348 2139 560 2201 reliquit.
594 2146 711 2189 Erat
735 2145 903 2191 civitas
927 2146 1119 2202 Indiae,
1147 2165 1292 2210 quam
1310 2149 1361 2183 (²)

11 2278 1364 2299 Q

51 2345 107 2379 (a)
131 2343 213 2375 Cod-
235 2346 437 2383 conperinet
457 2347 616 2383 experire
639 2356 735 2386 quae.
771 2346 818 2382 (b)
842 2349 924 2379 cod.
951 2359 1110 2390 quonam.

11 2435 1362 2458 *mmm-‚-

76 2504 136 2549 (1)
166 2506 221 2538 Ita
247 2505 325 2539 cod.
354 2506 430 2539 Hos
456 2505 517 2541 alii
542 2507 721 2552 appellant
745 2508 948 2542 Nearchum
973 2519 1008 2544 et
1030 2510 1276 2547 onesicritum.

73 2560 133 2605 (2)
165 2563 300 2608 Nempe
324 2563 359 2594 in
379 2574 495 2609 quam.
527 2563 659 2598 Confer
678 2564 884 2609 capsxcrx.
907 2579 942 2599 n.
967 2573 1000 2604 1,

1064 2629 1090 2668 6

1378 2118 1534 2153 audacia.
