1752 3116
113 865 207 898 Laus
230 873 306 926 pap:-
323 888 408 935 sis,
440 888 536 942 quis
571 897 760 927 veterem
796 899 838 926 et
874 888 1088 927 eruditum
1118 897 1161 926 et
1193 887 1400 926 disertum
1431 896 1472 924 et
1508 887 1670 924 varium

87 933 133 954 ne
167 932 307 966 praecl-

87 990 157 1023 pua
197 976 303 1010 huius

83 1034 255 1067 historiae

86 1099 138 1123 est
179 1090 305 1123 latim—

85 1147 303 1179 tatisincre-

82 1211 256 1237 mentum.

334 161 350 193 -1
361 157 411 193 06
743 159 980 194 EDITORIS
1009 159 1273 196 PRAEFATIO

330 280 429 323 gum
445 265 737 315 confecerunt,
767 267 800 305 ii
828 265 1020 320 quidem,
1053 276 1101 304 ut
1131 267 1202 314 fit,
1233 265 1542 321 perscribendis
1562 265 1669 303 titu-

326 324 381 362 lis
413 325 532 362 unice
563 322 724 371 dediti,
754 323 915 361 nullum
948 321 1205 361 edendorum
1237 337 1413 377 operum
1446 322 1670 361 consilium

329 381 536 418 inierunt.
578 380 771 433 Reliqui,
794 380 868 433 qui
890 377 941 416 de
962 378 1077 418 Iulio
1096 379 1262 419 Valerio
1289 380 1441 433 (cuius
1469 378 1672 432 scriptum

325 451 413 475 non
433 436 657 490 viderant)
690 436 886 489 deinceps
919 435 1052 475 locuti
1085 445 1215 484 sunt,
1247 435 1416 490 quantis
1450 433 1668 473 erroribus

328 507 373 530 se
397 492 686 547 imprudentes
717 492 1054 540 obstrinxerinss
1086 493 1188 531 satis
1215 493 1259 529 in
1282 490 1574 546 superioribus
1595 489 1671 527 do-

326 550 466 588 cuisse
500 564 564 586 me
590 558 714 603 puto.
757 548 864 587 Sane
897 563 1026 602 quum
1051 549 1244 603 plerique
1272 547 1522 604 pervulgato
1552 560 1669 584 men-

324 605 431 643 tium
447 620 588 644 errore
607 604 871 644 bathal-iores
886 606 1112 644 Alexandri
1135 606 1336 644 historias
1361 604 1552 660 cognitas
1576 617 1668 641 cum

325 663 545 718 incognito
571 661 681 700 Iulio
707 663 876 702 Valerio
908 662 1285 710 commutaverint,
1315 661 1376 699 nil
1399 661 1553 698 mirum
1588 667 1670 706 est,

325 733 397 757 eos
426 718 476 756 ad
500 718 793 774 vestigandum
819 719 1050 758 accuratius
1080 718 1239 757 Iulium
1261 718 1475 758 Valerium
1493 731 1578 756 non
1605 716 1672 753 in-

323 775 548 826 cubuisse,
578 790 719 829 neque
743 775 930 813 eiusdem
953 774 1229 830 cupiditatem
1251 789 1350 830 prae
1378 787 1422 811 se
1441 773 1610 812 tulisse.
1634 808 1639 813 .

406 831 462 869 X.
495 832 622 870 Nunc
647 846 749 870 vero
780 833 846 871 his
880 831 1096 870 erroribus
1129 842 1339 885 tamquam
1368 839 1493 869 nocte
1521 829 1672 883 depul-

322 955 365 982 et
396 944 620 983 latinitatis
651 946 791 999 copias
825 955 1049 1002 augentem
1083 945 1333 999 scriptorem
1363 958 1451 982 non
1481 941 1670 981 libenter

322 1002 508 1055 excipiat
523 1001 541 1040 ’ἐ
572 1003 820 1056 praesertim
858 1016 988 1055 quum
1026 1003 1116 1039 eius
1147 1002 1421 1056 praecipuum
1446 999 1669 1038 consilium

273 1089 281 1096 .
320 1057 374 1096 ad
396 1058 718 1097 delectationem
738 1058 920 1115 legentis
941 1068 1130 1112 spectare
1151 1058 1365 1097 videatur.
1407 1058 1466 1096 At
1486 1056 1668 1095 historia

319 1114 553 1153 Alexandri
588 1115 668 1153 hoc
698 1115 884 1153 Auctore
915 1130 1001 1153 non
1031 1115 1210 1153 multum
1243 1115 1422 1154 veritate
1452 1112 1669 1167 procedet.

318 1171 440 1209 Esto.
485 1171 619 1225 Saepe
640 1180 780 1209 tamen
804 1171 841 1209 is
864 1186 973 1210 nova
993 1172 1062 1210 vel
1083 1172 1188 1209 mira
1211 1170 1531 1209 existimabitur
1556 1170 1671 1208 dice-

315 1243 385 1274 re,
418 1242 510 1265 cum
532 1235 756 1280 pervetera
795 1236 839 1263 et
860 1227 1029 1283 vulgata
1055 1226 1192 1276 dicat,
1225 1227 1298 1265 sed
1329 1228 1410 1265 iam
1441 1225 1579 1264 audiri
1599 1225 1668 1263 de-

316 1294 436 1322 sueta
457 1284 698 1338 plerisque:
734 1297 840 1336 quae
863 1297 928 1321 res
955 1298 1006 1321 ex
1031 1282 1380 1334 adnotationibus
1404 1285 1563 1321 nostris
1588 1282 1668 1321 cla-

315 1350 466 1379 rescet.
507 1340 632 1378 Nunc
664 1354 741 1396 age
768 1339 843 1377 isti
876 1341 989 1378 naris
1031 1350 1248 1379 emunctae
1274 1340 1493 1378 aristarchi
1526 1340 1666 1394 ‘plera-

315 1412 398 1450 que
426 1410 523 1434 sane
545 1406 716 1452 negent,
749 1395 845 1434 ficta
869 1410 962 1434 esse
986 1396 1146 1435 dicant:
1181 1396 1353 1451 quidvis
1377 1396 1564 1451 denique
1590 1409 1668 1450 po-

311 1456 400 1504 tius
431 1468 553 1507 quam
593 1453 889 1491 auctoritatem
919 1453 1025 1491 Iulii
1062 1454 1215 1492 Valerii
1247 1462 1495 1507 sequantur.
1549 1453 1664 1490 Num

311 1511 468 1566 igitur,
500 1511 536 1547 si
563 1510 675 1548 hunc
694 1508 849 1547 librum
875 1511 1112 1548 contineam
1141 1511 1186 1547 in
1208 1510 1401 1548 tenebris
1417 1537 1430 1559 ,
1459 1509 1662 1550 latinitati

313 1567 440 1604 etiam
463 1567 628 1604 naviter
651 1565 894 1604 consulam?
924 1582 1024 1604 num
1047 1565 1096 1604 de
1113 1566 1283 1623 linguae
1303 1568 1424 1621 copia
1446 1566 1556 1605 hene
1575 1580 1662 1606 me-

310 1622 468 1663 rebor?
501 1623 618 1676 Quin
641 1622 722 1669 eia,
767 1622 847 1660 hoc
870 1622 1003 1671 edito,
1030 1622 1140 1661 hene
1162 1623 1304 1661 multis
1328 1623 1544 1663 vocabulis
1565 1624 1661 1679 plu-

308 1681 499 1734 riumque
530 1677 735 1733 loquendi
765 1679 957 1717 novitate
976 1679 1153 1718 latinum
1185 1694 1417 1719 sermonem
1446 1694 1659 1720 ornemus.

311 1737 484 1775 Utinam
508 1751 609 1776 vero
638 1734 757 1773 labor
776 1746 921 1774 noster
952 1736 1128 1775 aliorum
1153 1736 1404 1776 industriam
1433 1748 1551 1778 acuat
1575 1752 1660 1792 quo

306 1793 612 1848 pulcherrimae
646 1791 816 1848 linguae
847 1792 950 1830 fines
986 1791 1177 1847 proferre
1206 1794 1376 1850 longius
1410 1809 1456 1833 ac
1486 1794 1658 1833 dilatare

309 1849 528 1888 studeant!
561 1859 687 1902 atque
719 1847 770 1886 ad
793 1849 991 1905 grandem
1024 1850 1140 1888 illum
1171 1862 1242 1888 seu
1268 1864 1419 1890 vocum
1445 1865 1521 1889 seu
1545 1852 1661 1891 locu-

305 1908 471 1945 tionum
499 1906 783 1945 inauditarum
812 1905 1066 1954 thesaurum,
1099 1907 1174 1960 qui
1196 1907 1301 1946 latet
1320 1907 1453 1947 adhuc
1472 1910 1514 1946 in
1539 1923 1654 1946 =mss.

305 1963 524 2003 codicibus
550 1973 592 2001 et
622 1960 836 2016 lapidibus
861 1973 903 2000 et
932 1962 1234 2018 diplomatibus
1254 1991 1268 2012 ,
1299 1964 1523 2003 intendere
1548 1964 1659 2022 digi-

302 2028 394 2058 tum
427 2019 586 2060 velint!
650 2019 846 2071 Quippe,
897 2030 944 2057 ut
984 2021 1196 2074 sapienter
1236 2031 1378 2059 monet
1419 2022 1579 2061 Fronto
1605 2022 1654 2053 (¹)

302 2086 479 2132 oportet
510 2082 672 2127 regiones
706 2079 893 2115 verborum
921 2092 957 2116 et
991 2083 1104 2116 saltus
1137 2085 1298 2125 novisse,
1329 2093 1366 2116 ut
1401 2084 1459 2117 ιιῖιί
1487 2086 1657 2131 quaesitis

301 2153 391 2185 opus
419 2141 492 2181 sit,
533 2139 696 2184 perviam
734 2138 854 2182 potius
883 2139 932 2172 ad
960 2138 1208 2187 vestigandum
1244 2152 1350 2186 quam
1379 2142 1474 2175 invio
1503 2154 1656 2188 progre-

300 2197 455 2230 (liuntur.

360 2336 423 2390 (1)
457 2339 513 2375 De
545 2339 764 2376 orationibus
794 2342 856 2377 lib.
880 2343 908 2376 I.
941 2341 1067 2388 fragm.
1095 2353 1152 2377 1v.

811 2468 1137 2480 ..——-—u
