1752 3116
515 141 618 201 sev
648 160 822 199 LIBER
850 159 885 198 I.
1295 165 1312 197 1
1324 160 1371 198 73

30 289 172 336 quem
221 279 422 321 Croesus
477 273 677 336 quidem
736 271 1163 336 opulentissimum
1210 286 1372 319 conse-

27 356 275 402 orarat<²>z
313 358 396 403 sed
429 375 515 420 per
550 374 661 403 eum
687 356 855 403 divino
877 355 1051 419 spiritu
1073 368 1376 402 commeante

25 440 279 485 vaticinari
327 442 596 487 antistitem
644 439 714 485 fas
762 452 879 491 erat,
947 443 1074 485 Tum
1118 438 1273 485 fertur
1319 456 1376 485 ex

22 523 170 585 adyto
205 541 303 569 vox
338 524 399 569 ad
433 523 784 571 Alexandrum:

136 629 180 662 ld
210 629 357 675 quidem
389 628 487 675 quod
519 637 558 661 tu
586 628 696 670 facis,

136 703 310 735 Hercules
341 702 427 735 fecit
460 710 495 734 et
521 701 584 734 ille
614 703 711 738 Deus

136 775 185 809 Et
215 774 395 808 divinitati
425 775 497 807 iam
528 774 739 807 destinatus.

136 849 258 893 Quare
288 858 323 881 et
353 857 386 880 te
414 859 478 892 par
509 855 563 880 est
592 847 684 880 nihil

133 922 177 954 In
207 921 321 954 nostri
347 921 603 954 contumeliam
633 921 726 961 niti3

135 994 174 1028 Si
197 993 304 1026 modo
335 993 528 1027 virtutibus
560 994 630 1027 tuis

132 1067 190 1101 Ex
218 1067 342 1100 favore
369 1066 571 1100 Numinum
599 1066 764 1099 consulis.

17 1164 163 1211 Hisce
200 1165 341 1211 dictis
378 1184 436 1212 ex
471 1166 644 1227 adyto,
681 1166 816 1213 addit
851 1179 900 1214 et
935 1179 1093 1213 vates:

134 1272 193 1305 En
224 1271 346 1313 vides,
377 1284 464 1312 rex,
499 1271 596 1318 quod
626 1271 690 1304 illa
722 1272 787 1305 tibi

133 1344 300 1379 Numinis
331 1344 539 1390 praestigiae:
570 1344 764 1385 divinatio,

133 1419 234 1462 Quae
264 1424 298 1449 et
328 1418 519 1450 Herculem
551 1425 583 1449 et
615 1417 864 1450 Alexandrum
895 1425 998 1451 vocat
1030 1412 1094 1452 (ἓ).

129 1490 246 1534 Igitur
274 1490 486 1534 praenuntio
518 1489 585 1523 tibi
614 1489 693 1522 fore
724 1499 821 1524 actus
851 1499 931 1524 tuos

127 1562 378 1596 Humanorum
408 1562 572 1595 omnium
601 1563 792 1604 fortiores,

129 1636 342 1682 Nomenque
369 1647 433 1681 per
468 1637 607 1669 saecula
634 1635 905 1682 porrigendum.

113 1770 280 1812 LXIV.
323 1767 454 1813 Hinc
500 1784 623 1814 cum>
657 1767 848 1814 Thebas
896 1765 1170 1815 Alexander
1215 1777 1370 1812 trans·
1461 1788 1606 1822 Thebae

12 1849 273 1903 cendisset,
320 1862 604 1912 peteretque
644 1851 902 1898 Thebanos
947 1850 1168 1895 indidem
1215 1865 1370 1894 arma-
1397 1842 1604 1909 Alexandr«,

14 1944 179 1979 torum
222 1933 362 1979 mille
404 1934 730 1990 comitatum,
779 1934 1004 1982 Thebani
1048 1946 1213 1996 portas
1259 1943 1373 1995 post
1400 1910 1584 1936 reustum.

13 2017 132 2062 haec
164 2029 419 2079 praecepta
456 2019 727 2063 cluserunt:
773 2018 987 2080 factique
1032 2018 1132 2064 eius
1178 2017 1372 2062 temeri·

12 2111 165 2145 tatem
200 2117 314 2146 cum
348 2101 708 2162 supplicatione
731 2119 833 2148 non
869 2113 1195 2153 excusassem,
1234 2115 1368 2144 arma

12 2199 260 2244 sumpsere
294 2195 341 2229 et
376 2184 436 2229 ad
459 2185 783 2230 resistendum
811 2184 1077 2231 violentiae
1101 2182 1366 2230 Alexandri

74 2361 137 2414 (1)
171 2365 371 2411 Tripodem
401 2379 548 2400 aureum
581 2380 599 2399 a
623 2369 744 2401 Croeso
780 2363 873 2414 (sed
903 2365 1035 2400 Thebis
1061 2365 1227 2411 Apollini
1255 2367 1368 2399 Isme-

15 2420 102 2472 nio)
136 2432 381 2457 consecratum
405 2432 580 2458 memorat
602 2425 804 2457 Herodotus
830 2425 858 2458 Ι.
891 2428 946 2458 92.

72 2479 131 2525 (2)
162 2480 342 2514 Nimirum
367 2481 408 2513 ab
427 2481 598 2525 Apolline
615 2481 823 2515 Alexander
847 2480 964 2512 dictus
990 2488 1041 2512 est
1058 2477 1239 2513 Hercules·
1273 2478 1370 2511 Con-

17 2536 71 2571 rer
94 2537 282 2581 historiam
304 2538 438 2571 editam
459 2550 534 2582 cap.
560 2548 662 2573 xxx.
