<?xml version="1.0" encoding="UTF-8"?>
<!DOCTYPE html PUBLIC "-//W3C//DTD XHTML 1.0 Transitional//EN"
    "http://www.w3.org/TR/xhtml1/DTD/xhtml1-transitional.dtd">
<html xmlns="http://www.w3.org/1999/xhtml" xml:lang="en" lang="en">
 <head>
  <title>
</title>
<meta http-equiv="Content-Type" content="text/html;charset=utf-8" />
  <meta name='ocr-system' content='tesseract 3.04.00' />
  <meta name='ocr-capabilities' content='ocr_page ocr_carea ocr_par ocr_line ocrx_word'/>
</head>
<body>
  <div class='ocr_page' id='page_1' title='image "./itinerariumalexa00maiauoft_0075.png"; bbox 0 0 1752 3116; ppageno 0'>
   <div class='ocr_carea' id='block_1_1' title="bbox 572 143 1418 190">
    <p class='ocr_par' dir='ltr' id='par_1_1' title="bbox 572 143 1418 190">
     <span class='ocr_line' id='line_1_1' title="bbox 572 143 1418 190; baseline 0.005 -4"><span class='ocrx_word' id='word_1_1' title='bbox 572 143 927 186; x_wconf 87' lang='lat' dir='ltr'><strong>ALEXANDRI</strong></span> <span class='ocrx_word' id='word_1_2' title='bbox 1371 156 1418 190; x_wconf 86' lang='lat'><strong>71</strong></span> 
     </span>
    </p>
   </div>
   <div class='ocr_carea' id='block_1_2' title="bbox 52 255 1646 1658">
    <p class='ocr_par' dir='ltr' id='par_1_2' title="bbox 72 255 1418 653">
     <span class='ocr_line' id='line_1_2' title="bbox 80 255 1418 322; baseline 0.004 -20"><span class='ocrx_word' id='word_1_3' title='bbox 80 255 338 312; x_wconf 84' lang='lat' dir='ltr'><strong>detulisse,</strong></span> <span class='ocrx_word' id='word_1_4' title='bbox 386 258 789 322; x_wconf 86' lang='lat' dir='ltr'><strong>Callisthenisque</strong></span> <span class='ocrx_word' id='word_1_5' title='bbox 814 260 868 294; x_wconf 60' lang='grc' dir='ltr'><strong>(α)</strong></span> <span class='ocrx_word' id='word_1_6' title='bbox 911 262 1200 308; x_wconf 83' lang='lat' dir='ltr'><strong>sententiam</strong></span> <span class='ocrx_word' id='word_1_7' title='bbox 1241 262 1290 308; x_wconf 91' lang='lat' dir='ltr'><strong>in</strong></span> <span class='ocrx_word' id='word_1_8' title='bbox 1327 261 1418 309; x_wconf 83' lang='lat' dir='ltr'><strong>dis-</strong></span> 
     </span>
     <span class='ocr_line' id='line_1_3' title="bbox 77 340 1418 408; baseline 0.005 -23"><span class='ocrx_word' id='word_1_9' title='bbox 77 341 229 402; x_wconf 87' lang='lat' dir='ltr'><strong>cipuli</strong></span> <span class='ocrx_word' id='word_1_10' title='bbox 274 340 490 388; x_wconf 86' lang='lat' dir='ltr'><strong>facinore</strong></span> <span class='ocrx_word' id='word_1_11' title='bbox 521 355 861 405; x_wconf 84' lang='lat' dir='ltr'><strong>suspectata1n‚</strong></span> <span class='ocrx_word' id='word_1_12' title='bbox 906 345 964 391; x_wconf 87' lang='lat' dir='ltr'><strong>de</strong></span> <span class='ocrx_word' id='word_1_13' title='bbox 995 346 1170 408; x_wconf 81' lang='lat' dir='ltr'><strong>prioris</strong></span> <span class='ocrx_word' id='word_1_14' title='bbox 1205 345 1418 392; x_wconf 82' lang='lat' dir='ltr'><strong>ineffica-</strong></span> 
     </span>
     <span class='ocr_line' id='line_1_4' title="bbox 76 424 1415 475; baseline 0.003 -6"><span class='ocrx_word' id='word_1_15' title='bbox 76 425 150 469; x_wconf 89' lang='lat' dir='ltr'><strong>cia</strong></span> <span class='ocrx_word' id='word_1_16' title='bbox 186 424 425 471; x_wconf 85' lang='lat' dir='ltr'>libertatis</span> <span class='ocrx_word' id='word_1_17' title='bbox 448 424 524 470; x_wconf 56' lang='grc' dir='ltr'><strong>(ηε</strong></span> <span class='ocrx_word' id='word_1_18' title='bbox 563 443 674 472; x_wconf 87' lang='lat' dir='ltr'><strong>cum</strong></span> <span class='ocrx_word' id='word_1_19' title='bbox 708 430 997 475; x_wconf 79' lang='lat' dir='ltr'>Hermolaus</span> <span class='ocrx_word' id='word_1_20' title='bbox 1032 441 1197 474; x_wconf 85' lang='lat' dir='ltr'><strong>tamen</strong></span> <span class='ocrx_word' id='word_1_21' title='bbox 1232 431 1330 474; x_wconf 86' lang='lat' dir='ltr'><strong>acri</strong></span> <span class='ocrx_word' id='word_1_22' title='bbox 1362 430 1415 474; x_wconf 86' lang='lat' dir='ltr'><strong>in</strong></span> 
     </span>
     <span class='ocr_line' id='line_1_5' title="bbox 75 510 1416 572; baseline 0.002 -19"><span class='ocrx_word' id='word_1_23' title='bbox 75 525 223 570; x_wconf 90' lang='lat' dir='ltr'><strong>opere</strong></span> <span class='ocrx_word' id='word_1_24' title='bbox 264 521 644 564; x_wconf 85' lang='lat' dir='ltr'><strong>tormentorum,</strong></span> <span class='ocrx_word' id='word_1_25' title='bbox 691 524 880 572; x_wconf 81' lang='lat' dir='ltr'><strong>praeter</strong></span> <span class='ocrx_word' id='word_1_26' title='bbox 912 512 988 558; x_wconf 85' lang='lat' dir='ltr'><strong>sui</strong></span> <span class='ocrx_word' id='word_1_27' title='bbox 1021 511 1243 565; x_wconf 87' lang='lat' dir='ltr'><strong>verbera,</strong></span> <span class='ocrx_word' id='word_1_28' title='bbox 1289 510 1416 556; x_wconf 85' lang='lat' dir='ltr'>nihil</span> 
     </span>
     <span class='ocr_line' id='line_1_6' title="bbox 72 593 772 653; baseline 0.004 -16"><span class='ocrx_word' id='word_1_29' title='bbox 72 604 268 653; x_wconf 87' lang='lat' dir='ltr'><strong>questus</strong></span> <span class='ocrx_word' id='word_1_30' title='bbox 303 593 366 639; x_wconf 88' lang='lat' dir='ltr'><strong>sit</strong></span> <span class='ocrx_word' id='word_1_31' title='bbox 399 605 482 639; x_wconf 90' lang='lat' dir='ltr'><strong>aut</strong></span> <span class='ocrx_word' id='word_1_32' title='bbox 515 594 772 641; x_wconf 82' lang='lat' dir='ltr'><strong>confessus.</strong></span> 
     </span>
    </p>

    <p class='ocr_par' dir='ltr' id='par_1_3' title="bbox 52 675 1646 1658">
     <span class='ocr_line' id='line_1_7' title="bbox 170 675 1646 742; baseline 0.001 -21"><span class='ocrx_word' id='word_1_33' title='bbox 170 679 309 724; x_wconf 86' lang='lat' dir='ltr'>XCV.</span> <span class='ocrx_word' id='word_1_34' title='bbox 365 675 457 723; x_wconf 88' lang='lat' dir='ltr'><strong>Sed</strong></span> <span class='ocrx_word' id='word_1_35' title='bbox 501 677 823 724; x_wconf 82' lang='lat' dir='ltr'><strong>reverentiam</strong></span> <span class='ocrx_word' id='word_1_36' title='bbox 867 677 1045 742; x_wconf 81' lang='lat' dir='ltr'><strong>legatio</strong></span> <span class='ocrx_word' id='word_1_37' title='bbox 1089 678 1310 739; x_wconf 78' lang='lat' dir='ltr'><strong>Scythica</strong></span> <span class='ocrx_word' id='word_1_38' title='bbox 1355 676 1415 724; x_wconf 86' lang='lat' dir='ltr'><strong>de</strong></span> <span class='ocrx_word' id='word_1_39' title='bbox 1470 691 1646 727; x_wconf 75' lang='lat' dir='ltr'>Abiorum</span> 
     </span>
     <span class='ocr_line' id='line_1_8' title="bbox 68 757 1561 823; baseline 0.001 -18"><span class='ocrx_word' id='word_1_40' title='bbox 68 757 203 805; x_wconf 82' lang='lat' dir='ltr'><strong>Abiis</strong></span> <span class='ocrx_word' id='word_1_41' title='bbox 251 762 424 808; x_wconf 79' lang='lat' dir='ltr'><strong>iterum</strong></span> <span class='ocrx_word' id='word_1_42' title='bbox 475 763 663 815; x_wconf 74' lang='lat' dir='ltr'><strong>attulit,</strong></span> <span class='ocrx_word' id='word_1_43' title='bbox 724 761 952 823; x_wconf 86' lang='lat' dir='ltr'><strong>dictoque</strong></span> <span class='ocrx_word' id='word_1_44' title='bbox 1008 760 1256 807; x_wconf 76' lang='lat' dir='ltr'>audientes</span> <span class='ocrx_word' id='word_1_45' title='bbox 1306 760 1413 807; x_wconf 86' lang='lat' dir='ltr'><strong>fore</strong></span> <span class='ocrx_word' id='word_1_46' title='bbox 1431 760 1561 784; x_wconf 83' lang='lat' dir='ltr'><strong>mores.</strong></span> 
     </span>
     <span class='ocr_line' id='line_1_9' title="bbox 68 843 1413 908; baseline 0.002 -21"><span class='ocrx_word' id='word_1_47' title='bbox 68 859 119 888; x_wconf 90' lang='lat' dir='ltr'><strong>se</strong></span> <span class='ocrx_word' id='word_1_48' title='bbox 158 843 440 890; x_wconf 87' lang='lat' dir='ltr'><strong>muneribus</strong></span> <span class='ocrx_word' id='word_1_49' title='bbox 471 843 834 890; x_wconf 84' lang='lat' dir='ltr'><strong>attestabantur.</strong></span> <span class='ocrx_word' id='word_1_50' title='bbox 886 849 1017 908; x_wconf 78' lang='lat' dir='ltr'><strong>Quae</strong></span> <span class='ocrx_word' id='word_1_51' title='bbox 1045 861 1246 889; x_wconf 86' lang='lat' dir='ltr'><strong>munera</strong></span> <span class='ocrx_word' id='word_1_52' title='bbox 1277 856 1413 890; x_wconf 87' lang='lat' dir='ltr'><strong>erant</strong></span> 
     </span>
     <span class='ocr_line' id='line_1_10' title="bbox 66 925 1412 992; baseline 0.002 -22"><span class='ocrx_word' id='word_1_53' title='bbox 66 925 197 972; x_wconf 85' lang='lat' dir='ltr'><strong>filiae</strong></span> <span class='ocrx_word' id='word_1_54' title='bbox 231 929 410 992; x_wconf 83' lang='lat' dir='ltr'><strong>regales</strong></span> <span class='ocrx_word' id='word_1_55' title='bbox 437 927 668 988; x_wconf 83' lang='lat' dir='ltr'><strong>pulchrae</strong></span> <span class='ocrx_word' id='word_1_56' title='bbox 702 928 899 992; x_wconf 86' lang='lat' dir='ltr'><strong>ingenio</strong></span> <span class='ocrx_word' id='word_1_57' title='bbox 926 929 1007 973; x_wconf 91' lang='lat' dir='ltr'><strong>vel</strong></span> <span class='ocrx_word' id='word_1_58' title='bbox 1041 930 1175 973; x_wconf 90' lang='lat' dir='ltr'><strong>cultu</strong></span> <span class='ocrx_word' id='word_1_59' title='bbox 1210 939 1412 973; x_wconf 84' lang='lat' dir='ltr'><strong>naturae</strong></span> 
     </span>
     <span class='ocr_line' id='line_1_11' title="bbox 64 1010 1413 1075; baseline 0.001 -20"><span class='ocrx_word' id='word_1_60' title='bbox 64 1010 190 1063; x_wconf 89' lang='lat' dir='ltr'><strong>eius,</strong></span> <span class='ocrx_word' id='word_1_61' title='bbox 243 1011 285 1056; x_wconf 86' lang='lat' dir='ltr'><strong>si</strong></span> <span class='ocrx_word' id='word_1_62' title='bbox 330 1011 426 1056; x_wconf 83' lang='lat' dir='ltr'><strong>suis</strong></span> <span class='ocrx_word' id='word_1_63' title='bbox 458 1010 609 1056; x_wconf 83' lang='lat' dir='ltr'><strong>vellet</strong></span> <span class='ocrx_word' id='word_1_64' title='bbox 649 1011 854 1075; x_wconf 85' lang='lat' dir='ltr'><strong>pignore</strong></span> <span class='ocrx_word' id='word_1_65' title='bbox 895 1010 1023 1058; x_wconf 85' lang='lat' dir='ltr'><strong>fidei.</strong></span> <span class='ocrx_word' id='word_1_66' title='bbox 1091 1015 1318 1072; x_wconf 85' lang='lat' dir='ltr'><strong>Namque</strong></span> <span class='ocrx_word' id='word_1_67' title='bbox 1352 1010 1413 1056; x_wconf 83' lang='lat' dir='ltr'><strong>ad</strong></span> 
     </span>
     <span class='ocr_line' id='line_1_12' title="bbox 64 1092 1411 1156; baseline 0.001 -18"><span class='ocrx_word' id='word_1_68' title='bbox 64 1094 249 1155; x_wconf 84' lang='lat' dir='ltr'><strong>reliqua</strong></span> <span class='ocrx_word' id='word_1_69' title='bbox 293 1105 366 1139; x_wconf 88' lang='lat' dir='ltr'><strong>sat</strong></span> <span class='ocrx_word' id='word_1_70' title='bbox 400 1092 599 1148; x_wconf 81' lang='lat' dir='ltr'><strong>divites,</strong></span> <span class='ocrx_word' id='word_1_71' title='bbox 648 1107 762 1140; x_wconf 87' lang='lat' dir='ltr'><strong>sunt</strong></span> <span class='ocrx_word' id='word_1_72' title='bbox 797 1094 910 1141; x_wconf 89' lang='lat' dir='ltr'><strong>Abii</strong></span> <span class='ocrx_word' id='word_1_73' title='bbox 949 1094 1193 1141; x_wconf 76' lang='lat' dir='ltr'><strong>libertatis</strong></span> <span class='ocrx_word' id='word_1_74' title='bbox 1227 1095 1411 1156; x_wconf 82' lang='lat' dir='ltr'><strong>pariter</strong></span> 
     </span>
     <span class='ocr_line' id='line_1_13' title="bbox 61 1173 1408 1241; baseline 0.001 -20"><span class='ocrx_word' id='word_1_75' title='bbox 61 1188 109 1221; x_wconf 83' lang='lat' dir='ltr'><strong>et</strong></span> <span class='ocrx_word' id='word_1_76' title='bbox 143 1177 454 1239; x_wconf 78' lang='lat' dir='ltr'><strong>paupertatis,</strong></span> <span class='ocrx_word' id='word_1_77' title='bbox 513 1177 710 1223; x_wconf 84' lang='lat' dir='ltr'><strong>Adstare</strong></span> <span class='ocrx_word' id='word_1_78' title='bbox 733 1173 777 1208; x_wconf 55' lang='grc' dir='ltr'><strong>(ὃ)</strong></span> <span class='ocrx_word' id='word_1_79' title='bbox 815 1195 928 1224; x_wconf 82' lang='lat' dir='ltr'><strong>vero</strong></span> <span class='ocrx_word' id='word_1_80' title='bbox 964 1180 1044 1223; x_wconf 89' lang='lat' dir='ltr'><strong>vel</strong></span> <span class='ocrx_word' id='word_1_81' title='bbox 1080 1194 1244 1241; x_wconf 83' lang='lat' dir='ltr'><strong>regem</strong></span> <span class='ocrx_word' id='word_1_82' title='bbox 1269 1178 1318 1208; x_wconf 75' lang='lat'><strong>(2)</strong></span> <span class='ocrx_word' id='word_1_83' title='bbox 1354 1188 1408 1222; x_wconf 85' lang='lat' dir='ltr'><strong>ut</strong></span> 
     </span>
     <span class='ocr_line' id='line_1_14' title="bbox 57 1259 1406 1306; baseline 0 -2"><span class='ocrx_word' id='word_1_84' title='bbox 57 1276 220 1305; x_wconf 85' lang='lat' dir='ltr'><strong>coram</strong></span> <span class='ocrx_word' id='word_1_85' title='bbox 273 1260 410 1304; x_wconf 87' lang='lat' dir='ltr'><strong>iussis</strong></span> <span class='ocrx_word' id='word_1_86' title='bbox 453 1263 702 1306; x_wconf 84' lang='lat' dir='ltr'><strong>auscultet.</strong></span> <span class='ocrx_word' id='word_1_87' title='bbox 782 1264 913 1305; x_wconf 88' lang='lat' dir='ltr'><strong>Nam</strong></span> <span class='ocrx_word' id='word_1_88' title='bbox 946 1259 993 1291; x_wconf 76' lang='lat'><strong>(⁶)</strong></span> <span class='ocrx_word' id='word_1_89' title='bbox 1043 1271 1091 1304; x_wconf 91' lang='lat' dir='ltr'><strong>et</strong></span> <span class='ocrx_word' id='word_1_90' title='bbox 1147 1259 1306 1305; x_wconf 88' lang='lat' dir='ltr'><strong>missis</strong></span> <span class='ocrx_word' id='word_1_91' title='bbox 1354 1261 1406 1304; x_wconf 89' lang='lat' dir='ltr'><strong>in</strong></span> 
     </span>
     <span class='ocr_line' id='line_1_15' title="bbox 54 1341 1407 1390; baseline 0.001 -3"><span class='ocrx_word' id='word_1_92' title='bbox 54 1342 220 1390; x_wconf 78' lang='lat' dir='ltr'><strong>hoc&lt;³&gt;</strong></span> <span class='ocrx_word' id='word_1_93' title='bbox 255 1341 435 1388; x_wconf 84' lang='lat' dir='ltr'><strong>referre</strong></span> <span class='ocrx_word' id='word_1_94' title='bbox 468 1341 745 1389; x_wconf 87' lang='lat' dir='ltr'><strong>volentibus</strong></span> <span class='ocrx_word' id='word_1_95' title='bbox 784 1354 886 1389; x_wconf 90' lang='lat' dir='ltr'><strong>erat</strong></span> <span class='ocrx_word' id='word_1_96' title='bbox 905 1342 956 1375; x_wconf 69' lang='lat'><strong>(4)</strong></span> <span class='ocrx_word' id='word_1_97' title='bbox 991 1360 1150 1389; x_wconf 88' lang='lat' dir='ltr'><strong>mores</strong></span> <span class='ocrx_word' id='word_1_98' title='bbox 1186 1341 1322 1389; x_wconf 84' lang='lat' dir='ltr'><strong>abios</strong></span> <span class='ocrx_word' id='word_1_99' title='bbox 1357 1353 1407 1388; x_wconf 88' lang='lat' dir='ltr'><strong>et</strong></span> 
     </span>
     <span class='ocr_line' id='line_1_16' title="bbox 60 1423 1404 1488; baseline -0.001 -16"><span class='ocrx_word' id='word_1_100' title='bbox 60 1424 325 1472; x_wconf 85' lang='lat' dir='ltr'><strong>munditias</strong></span> <span class='ocrx_word' id='word_1_101' title='bbox 370 1426 667 1487; x_wconf 86' lang='lat' dir='ltr'><strong>paupertatis</strong></span> <span class='ocrx_word' id='word_1_102' title='bbox 712 1423 932 1488; x_wconf 73' lang='lat' dir='ltr'><strong>utque(‘²³</strong></span> <span class='ocrx_word' id='word_1_103' title='bbox 968 1427 1031 1472; x_wconf 87' lang='lat' dir='ltr'><strong>sit</strong></span> <span class='ocrx_word' id='word_1_104' title='bbox 1073 1443 1246 1472; x_wconf 88' lang='lat' dir='ltr'><strong>eorum</strong></span> <span class='ocrx_word' id='word_1_105' title='bbox 1280 1426 1404 1470; x_wconf 87' lang='lat' dir='ltr'><strong>invi-</strong></span> 
     </span>
     <span class='ocr_line' id='line_1_17' title="bbox 52 1507 1402 1572; baseline 0 -18"><span class='ocrx_word' id='word_1_106' title='bbox 52 1509 131 1555; x_wconf 81' lang='lat' dir='ltr'><strong>dia</strong></span> <span class='ocrx_word' id='word_1_107' title='bbox 166 1507 442 1571; x_wconf 85' lang='lat' dir='ltr'><strong>potioribus</strong></span> <span class='ocrx_word' id='word_1_108' title='bbox 477 1507 535 1554; x_wconf 85' lang='lat' dir='ltr'><strong>de</strong></span> <span class='ocrx_word' id='word_1_109' title='bbox 566 1510 675 1572; x_wconf 89' lang='lat' dir='ltr'><strong>plus</strong></span> <span class='ocrx_word' id='word_1_110' title='bbox 709 1510 836 1554; x_wconf 85' lang='lat' dir='ltr'><strong>nihil</strong></span> <span class='ocrx_word' id='word_1_111' title='bbox 865 1509 1103 1557; x_wconf 83' lang='lat' dir='ltr'><strong>habendo.</strong></span> <span class='ocrx_word' id='word_1_112' title='bbox 1157 1509 1303 1556; x_wconf 85' lang='lat' dir='ltr'><strong>Enim</strong></span> <span class='ocrx_word' id='word_1_113' title='bbox 1332 1526 1402 1554; x_wconf 82' lang='lat' dir='ltr'><strong>ar-</strong></span> 
     </span>
     <span class='ocr_line' id='line_1_18' title="bbox 52 1591 1404 1658; baseline -0.001 -18"><span class='ocrx_word' id='word_1_114' title='bbox 52 1610 133 1640; x_wconf 85' lang='lat' dir='ltr'><strong>cus</strong></span> <span class='ocrx_word' id='word_1_115' title='bbox 167 1591 305 1640; x_wconf 81' lang='lat' dir='ltr'><strong>Abiis</strong></span> <span class='ocrx_word' id='word_1_116' title='bbox 330 1591 376 1624; x_wconf 58' lang='grc' dir='ltr'><strong>(ε)</strong></span> <span class='ocrx_word' id='word_1_117' title='bbox 412 1604 461 1639; x_wconf 88' lang='lat' dir='ltr'><strong>et</strong></span> <span class='ocrx_word' id='word_1_118' title='bbox 493 1593 664 1658; x_wconf 82' lang='lat' dir='ltr'><strong>sagitta</strong></span> <span class='ocrx_word' id='word_1_119' title='bbox 712 1593 876 1655; x_wconf 88' lang='lat' dir='ltr'><strong>(quod</strong></span> <span class='ocrx_word' id='word_1_120' title='bbox 913 1594 979 1639; x_wconf 90' lang='lat' dir='ltr'><strong>eis</strong></span> <span class='ocrx_word' id='word_1_121' title='bbox 1014 1605 1180 1640; x_wconf 87' lang='lat' dir='ltr'><strong>totum</strong></span> <span class='ocrx_word' id='word_1_122' title='bbox 1216 1596 1319 1652; x_wconf 85' lang='lat' dir='ltr'><strong>est)</strong></span> <span class='ocrx_word' id='word_1_123' title='bbox 1356 1604 1404 1638; x_wconf 85' lang='lat' dir='ltr'><strong>et</strong></span> 
     </span>
    </p>
   </div>
   <div class='ocr_carea' id='block_1_3' title="bbox 42 1710 1403 1951">
    <p class='ocr_par' dir='ltr' id='par_1_4' title="bbox 42 1710 1403 1951">
     <span class='ocr_line' id='line_1_19' title="bbox 83 1710 1403 1752; baseline -0.002 -9"><span class='ocrx_word' id='word_1_124' title='bbox 83 1717 135 1748; x_wconf 86' lang='grc' dir='ltr'><strong>(α)</strong></span> <span class='ocrx_word' id='word_1_125' title='bbox 160 1711 242 1743; x_wconf 81' lang='lat' dir='ltr'><strong>eod.</strong></span> <span class='ocrx_word' id='word_1_126' title='bbox 273 1711 553 1751; x_wconf 72' lang='lat' dir='ltr'><strong>Calltsclzenique.</strong></span> <span class='ocrx_word' id='word_1_127' title='bbox 596 1710 642 1745; x_wconf 83' lang='lat' dir='ltr'><strong>(b)</strong></span> <span class='ocrx_word' id='word_1_128' title='bbox 668 1711 752 1741; x_wconf 81' lang='lat' dir='ltr'><strong>cod.</strong></span> <span class='ocrx_word' id='word_1_129' title='bbox 786 1711 880 1751; x_wconf 75' lang='lat' dir='ltr'><strong>Quae</strong></span> <span class='ocrx_word' id='word_1_130' title='bbox 904 1721 1048 1741; x_wconf 74' lang='lat' dir='ltr'><strong>munera</strong></span> <span class='ocrx_word' id='word_1_131' title='bbox 1081 1719 1184 1742; x_wconf 72' lang='lat' dir='ltr'><strong>erant</strong></span> <span class='ocrx_word' id='word_1_132' title='bbox 1205 1711 1276 1747; x_wconf 81' lang='lat' dir='ltr'><strong>fila</strong></span> <span class='ocrx_word' id='word_1_133' title='bbox 1302 1722 1403 1752; x_wconf 79' lang='lat' dir='ltr'><strong>rega.</strong></span> 
     </span>
     <span class='ocr_line' id='line_1_20' title="bbox 47 1760 1403 1801; baseline 0 -8"><span class='ocrx_word' id='word_1_134' title='bbox 47 1765 100 1794; x_wconf 81' lang='lat' dir='ltr'><strong>Ila</strong></span> <span class='ocrx_word' id='word_1_135' title='bbox 125 1768 137 1794; x_wconf 59' lang='lat'><em>&lt;</em></span> <span class='ocrx_word' id='word_1_136' title='bbox 149 1765 247 1801; x_wconf 84' lang='lat' dir='ltr'><strong>atqui</strong></span> <span class='ocrx_word' id='word_1_137' title='bbox 268 1764 437 1792; x_wconf 76' lang='lat' dir='ltr'><strong>Arrianus</strong></span> <span class='ocrx_word' id='word_1_138' title='bbox 461 1772 514 1791; x_wconf 75' lang='lat' dir='ltr'><strong>iv.</strong></span> <span class='ocrx_word' id='word_1_139' title='bbox 533 1762 585 1792; x_wconf 83' lang='lat'><strong>15.</strong></span> <span class='ocrx_word' id='word_1_140' title='bbox 613 1763 660 1790; x_wconf 74' lang='lat' dir='ltr'><strong>ait</strong></span> <span class='ocrx_word' id='word_1_141' title='bbox 685 1762 800 1796; x_wconf 77' lang='lat' dir='ltr'><strong>filias)</strong></span> <span class='ocrx_word' id='word_1_142' title='bbox 821 1760 947 1800; x_wconf 81' lang='lat' dir='ltr'><strong>pulcra</strong></span> <span class='ocrx_word' id='word_1_143' title='bbox 977 1763 1113 1801; x_wconf 74' lang='lat' dir='ltr'><strong>ingenio</strong></span> <span class='ocrx_word' id='word_1_144' title='bbox 1143 1761 1195 1791; x_wconf 76' lang='lat' dir='ltr'><strong>vel</strong></span> <span class='ocrx_word' id='word_1_145' title='bbox 1224 1761 1317 1792; x_wconf 73' lang='lat' dir='ltr'><strong>cultu</strong></span> <span class='ocrx_word' id='word_1_146' title='bbox 1340 1760 1403 1793; x_wconf 75' lang='lat' dir='ltr'><strong>tia·</strong></span> 
     </span>
     <span class='ocr_line' id='line_1_21' title="bbox 44 1809 1402 1853; baseline -0.001 -9"><span class='ocrx_word' id='word_1_147' title='bbox 44 1823 145 1844; x_wconf 79' lang='lat' dir='ltr'><strong>curae</strong></span> <span class='ocrx_word' id='word_1_148' title='bbox 168 1816 256 1847; x_wconf 79' lang='lat' dir='ltr'><strong>eius.</strong></span> <span class='ocrx_word' id='word_1_149' title='bbox 281 1813 312 1842; x_wconf 82' lang='lat' dir='ltr'><strong>si</strong></span> <span class='ocrx_word' id='word_1_150' title='bbox 332 1814 401 1842; x_wconf 83' lang='lat' dir='ltr'><strong>suis</strong></span> <span class='ocrx_word' id='word_1_151' title='bbox 425 1811 523 1842; x_wconf 75' lang='lat' dir='ltr'><strong>vellet</strong></span> <span class='ocrx_word' id='word_1_152' title='bbox 544 1813 688 1851; x_wconf 77' lang='lat' dir='ltr'><strong>pignore</strong></span> <span class='ocrx_word' id='word_1_153' title='bbox 701 1809 803 1846; x_wconf 75' lang='lat' dir='ltr'><strong>&#39;fidei-</strong></span> <span class='ocrx_word' id='word_1_154' title='bbox 845 1812 1003 1850; x_wconf 79' lang='lat' dir='ltr'><strong>Namque</strong></span> <span class='ocrx_word' id='word_1_155' title='bbox 1024 1812 1075 1842; x_wconf 81' lang='lat' dir='ltr'><strong>ad</strong></span> <span class='ocrx_word' id='word_1_156' title='bbox 1092 1812 1229 1853; x_wconf 80' lang='lat' dir='ltr'><strong>reliqua</strong></span> <span class='ocrx_word' id='word_1_157' title='bbox 1251 1820 1287 1842; x_wconf 81' lang='lat' dir='ltr'><strong>uc</strong></span> <span class='ocrx_word' id='word_1_158' title='bbox 1307 1812 1402 1843; x_wconf 80' lang='lat' dir='ltr'><strong>alias</strong></span> 
     </span>
     <span class='ocr_line' id='line_1_22' title="bbox 43 1858 1398 1900; baseline 0 -7"><span class='ocrx_word' id='word_1_159' title='bbox 43 1863 216 1894; x_wconf 65' lang='lat' dir='ltr'><strong>addictus</strong></span> <span class='ocrx_word' id='word_1_160' title='bbox 244 1867 336 1890; x_wconf 81' lang='lat' dir='ltr'><strong>sune.</strong></span> <span class='ocrx_word' id='word_1_161' title='bbox 373 1858 454 1892; x_wconf 80' lang='lat' dir='ltr'><strong>Abii</strong></span> <span class='ocrx_word' id='word_1_162' title='bbox 480 1859 646 1895; x_wconf 77' lang='lat' dir='ltr'><strong>libertatis</strong></span> <span class='ocrx_word' id='word_1_163' title='bbox 674 1862 808 1900; x_wconf 73' lang='lat' dir='ltr'><strong>pariter</strong></span> <span class='ocrx_word' id='word_1_164' title='bbox 839 1868 873 1891; x_wconf 74' lang='lat' dir='ltr'><strong>et</strong></span> <span class='ocrx_word' id='word_1_165' title='bbox 898 1864 1130 1900; x_wconf 77' lang='lat' dir='ltr'><strong>paupertatis.</strong></span> <span class='ocrx_word' id='word_1_166' title='bbox 1165 1863 1309 1895; x_wconf 70' lang='lat' dir='ltr'><strong>Adrcire</strong></span> <span class='ocrx_word' id='word_1_167' title='bbox 1331 1869 1398 1894; x_wconf 83' lang='lat' dir='ltr'><strong>ete.</strong></span> 
     </span>
     <span class='ocr_line' id='line_1_23' title="bbox 42 1910 1067 1951; baseline -0.003 -8"><span class='ocrx_word' id='word_1_168' title='bbox 42 1916 87 1948; x_wconf 74' lang='lat' dir='ltr'><strong>(c)</strong></span> <span class='ocrx_word' id='word_1_169' title='bbox 112 1913 194 1942; x_wconf 80' lang='lat' dir='ltr'><strong>cod.</strong></span> <span class='ocrx_word' id='word_1_170' title='bbox 224 1913 270 1942; x_wconf 79' lang='lat' dir='ltr'><strong>Ec</strong></span> <span class='ocrx_word' id='word_1_171' title='bbox 299 1922 391 1942; x_wconf 79' lang='lat' dir='ltr'><strong>nam.</strong></span> <span class='ocrx_word' id='word_1_172' title='bbox 427 1911 480 1944; x_wconf 86' lang='lat' dir='ltr'><strong>(d)</strong></span> <span class='ocrx_word' id='word_1_173' title='bbox 513 1911 595 1941; x_wconf 80' lang='lat' dir='ltr'><strong>Cod.</strong></span> <span class='ocrx_word' id='word_1_174' title='bbox 622 1918 736 1951; x_wconf 78' lang='lat' dir='ltr'><strong>atque.</strong></span> <span class='ocrx_word' id='word_1_175' title='bbox 775 1913 822 1945; x_wconf 81' lang='lat' dir='ltr'><strong>(e)</strong></span> <span class='ocrx_word' id='word_1_176' title='bbox 846 1912 928 1941; x_wconf 85' lang='lat' dir='ltr'><strong>Cod.</strong></span> <span class='ocrx_word' id='word_1_177' title='bbox 955 1910 1067 1942; x_wconf 78' lang='lat' dir='ltr'><strong>Abios.</strong></span> 
     </span>
    </p>
   </div>
   <div class='ocr_carea' id='block_1_4' title="bbox 37 2007 1398 2564">
    <p class='ocr_par' dir='ltr' id='par_1_5' title="bbox 46 2007 1398 2224">
     <span class='ocr_line' id='line_1_24' title="bbox 46 2007 1398 2053; baseline -0.001 -11"><span class='ocrx_word' id='word_1_178' title='bbox 46 2007 114 2042; x_wconf 82' lang='lat' dir='ltr'><strong>lier</strong></span> <span class='ocrx_word' id='word_1_179' title='bbox 136 2008 346 2050; x_wconf 54' lang='lat' dir='ltr'><strong>amonitae,</strong></span> <span class='ocrx_word' id='word_1_180' title='bbox 378 2015 416 2039; x_wconf 84' lang='lat' dir='ltr'><strong>ut</strong></span> <span class='ocrx_word' id='word_1_181' title='bbox 442 2007 615 2040; x_wconf 80' lang='lat' dir='ltr'><strong>creditum</strong></span> <span class='ocrx_word' id='word_1_182' title='bbox 639 2015 711 2048; x_wconf 84' lang='lat' dir='ltr'><strong>est,</strong></span> <span class='ocrx_word' id='word_1_183' title='bbox 742 2007 890 2049; x_wconf 79' lang='lat' dir='ltr'><strong>mentis,</strong></span> <span class='ocrx_word' id='word_1_184' title='bbox 920 2007 1123 2040; x_wconf 78' lang='lat' dir='ltr'><strong>conversari</strong></span> <span class='ocrx_word' id='word_1_185' title='bbox 1150 2007 1186 2039; x_wconf 89' lang='lat' dir='ltr'><strong>in</strong></span> <span class='ocrx_word' id='word_1_186' title='bbox 1210 2008 1311 2053; x_wconf 80' lang='lat' dir='ltr'><strong>regia</strong></span> <span class='ocrx_word' id='word_1_187' title='bbox 1337 2019 1398 2041; x_wconf 80' lang='lat' dir='ltr'><strong>so·</strong></span> 
     </span>
     <span class='ocr_line' id='line_1_25' title="bbox 48 2059 1398 2113; baseline -0.002 -14"><span class='ocrx_word' id='word_1_188' title='bbox 48 2064 140 2108; x_wconf 79' lang='lat' dir='ltr'><strong>lica,</strong></span> <span class='ocrx_word' id='word_1_189' title='bbox 182 2065 266 2113; x_wconf 79' lang='lat' dir='ltr'><strong>quia</strong></span> <span class='ocrx_word' id='word_1_190' title='bbox 298 2064 463 2097; x_wconf 75' lang='lat' dir='ltr'><strong>instinctu</strong></span> <span class='ocrx_word' id='word_1_191' title='bbox 489 2062 678 2098; x_wconf 72' lang='lat' dir='ltr'><strong>videbatur</strong></span> <span class='ocrx_word' id='word_1_192' title='bbox 701 2059 836 2109; x_wconf 82' lang='lat' dir='ltr'><strong>sutura</strong></span> <span class='ocrx_word' id='word_1_193' title='bbox 871 2062 1102 2109; x_wconf 79' lang='lat' dir='ltr'><strong>praedicere,</strong></span> <span class='ocrx_word' id='word_1_194' title='bbox 1148 2075 1216 2097; x_wconf 83' lang='lat' dir='ltr'><strong>non</strong></span> <span class='ocrx_word' id='word_1_195' title='bbox 1247 2065 1398 2097; x_wconf 79' lang='lat' dir='ltr'><strong>occurrit</strong></span> 
     </span>
     <span class='ocr_line' id='line_1_26' title="bbox 47 2114 1397 2163; baseline -0.002 -7"><span class='ocrx_word' id='word_1_196' title='bbox 47 2122 153 2156; x_wconf 83' lang='lat' dir='ltr'><strong>modo</strong></span> <span class='ocrx_word' id='word_1_197' title='bbox 179 2120 345 2163; x_wconf 83' lang='lat' dir='ltr'><strong>abeunti,</strong></span> <span class='ocrx_word' id='word_1_198' title='bbox 387 2120 450 2153; x_wconf 75' lang='lat' dir='ltr'><strong>sed</strong></span> <span class='ocrx_word' id='word_1_199' title='bbox 476 2122 583 2154; x_wconf 73' lang='lat' dir='ltr'><strong>etiarn</strong></span> <span class='ocrx_word' id='word_1_200' title='bbox 610 2129 720 2153; x_wconf 74' lang='lat' dir='ltr'><strong>semet</strong></span> <span class='ocrx_word' id='word_1_201' title='bbox 746 2119 896 2153; x_wconf 75' lang='lat' dir='ltr'><strong>obiecit.-</strong></span> <span class='ocrx_word' id='word_1_202' title='bbox 927 2119 1030 2154; x_wconf 78' lang='lat' dir='ltr'><strong>vultu</strong></span> <span class='ocrx_word' id='word_1_203' title='bbox 1056 2129 1091 2153; x_wconf 84' lang='lat' dir='ltr'><strong>et</strong></span> <span class='ocrx_word' id='word_1_204' title='bbox 1123 2114 1235 2155; x_wconf 64' lang='lat' dir='ltr'><strong>oc&#39;ult‘s</strong></span> <span class='ocrx_word' id='word_1_205' title='bbox 1264 2130 1397 2155; x_wconf 75' lang='lat' dir='ltr'><strong>motum</strong></span> 
     </span>
     <span class='ocr_line' id='line_1_27' title="bbox 46 2175 1080 2224; baseline -0.004 -12"><span class='ocrx_word' id='word_1_206' title='bbox 46 2175 256 2224; x_wconf 79' lang='lat' dir='ltr'><strong>praeferens</strong></span> <span class='ocrx_word' id='word_1_207' title='bbox 277 2178 408 2219; x_wconf 84' lang='lat' dir='ltr'><strong>animi,</strong></span> <span class='ocrx_word' id='word_1_208' title='bbox 440 2187 477 2211; x_wconf 81' lang='lat' dir='ltr'><strong>ut</strong></span> <span class='ocrx_word' id='word_1_209' title='bbox 500 2177 633 2210; x_wconf 76' lang='lat' dir='ltr'><strong>rediret</strong></span> <span class='ocrx_word' id='word_1_210' title='bbox 653 2177 689 2208; x_wconf 83' lang='lat' dir='ltr'><strong>in</strong></span> <span class='ocrx_word' id='word_1_211' title='bbox 715 2178 914 2210; x_wconf 74' lang='lat' dir='ltr'><strong>convivium</strong></span> <span class='ocrx_word' id='word_1_212' title='bbox 937 2178 1080 2210; x_wconf 71' lang='lat' dir='ltr'><strong>monuit.</strong></span> 
     </span>
    </p>

    <p class='ocr_par' dir='ltr' id='par_1_6' title="bbox 105 2233 757 2283">
     <span class='ocr_line' id='line_1_28' title="bbox 105 2233 757 2283; baseline -0.003 -15"><span class='ocrx_word' id='word_1_213' title='bbox 105 2233 166 2283; x_wconf 85' lang='lat'><strong>(1)</strong></span> <span class='ocrx_word' id='word_1_214' title='bbox 201 2234 334 2270; x_wconf 88' lang='lat' dir='ltr'><strong>Confer</strong></span> <span class='ocrx_word' id='word_1_215' title='bbox 367 2235 527 2279; x_wconf 83' lang='lat' dir='ltr'><strong>superius</strong></span> <span class='ocrx_word' id='word_1_216' title='bbox 558 2247 633 2280; x_wconf 84' lang='lat' dir='ltr'><strong>cap.</strong></span> <span class='ocrx_word' id='word_1_217' title='bbox 659 2243 757 2267; x_wconf 73' lang='lat' dir='ltr'><strong>XCII.</strong></span> 
     </span>
    </p>

    <p class='ocr_par' dir='ltr' id='par_1_7' title="bbox 107 2288 1114 2339">
     <span class='ocr_line' id='line_1_29' title="bbox 107 2288 1114 2339; baseline -0.001 -15"><span class='ocrx_word' id='word_1_218' title='bbox 107 2288 169 2339; x_wconf 82' lang='lat'><strong>(2)</strong></span> <span class='ocrx_word' id='word_1_219' title='bbox 203 2291 342 2326; x_wconf 87' lang='lat' dir='ltr'><strong>Scilicet</strong></span> <span class='ocrx_word' id='word_1_220' title='bbox 363 2291 553 2324; x_wconf 79' lang='lat' dir='ltr'><strong>Abiorum.</strong></span> <span class='ocrx_word' id='word_1_221' title='bbox 605 2290 738 2325; x_wconf 82' lang='lat' dir='ltr'><strong>Confer</strong></span> <span class='ocrx_word' id='word_1_222' title='bbox 758 2290 955 2324; x_wconf 74' lang='lat' dir='ltr'><strong>Attianum</strong></span> <span class='ocrx_word' id='word_1_223' title='bbox 977 2300 1032 2324; x_wconf 69' lang='lat' dir='ltr'><strong>lv.</strong></span> <span class='ocrx_word' id='word_1_224' title='bbox 1058 2295 1114 2325; x_wconf 79' lang='lat'><strong>15.</strong></span> 
     </span>
    </p>

    <p class='ocr_par' dir='ltr' id='par_1_8' title="bbox 102 2345 608 2396">
     <span class='ocr_line' id='line_1_30' title="bbox 102 2345 608 2396; baseline -0.002 -15"><span class='ocrx_word' id='word_1_225' title='bbox 102 2345 163 2396; x_wconf 82' lang='lat'><strong>(3)</strong></span> <span class='ocrx_word' id='word_1_226' title='bbox 199 2347 332 2382; x_wconf 78' lang='lat' dir='ltr'><strong>Confer</strong></span> <span class='ocrx_word' id='word_1_227' title='bbox 359 2359 436 2393; x_wconf 83' lang='lat' dir='ltr'><strong>cap.</strong></span> <span class='ocrx_word' id='word_1_228' title='bbox 462 2358 608 2382; x_wconf 74' lang='lat' dir='ltr'>LXXXI.</span> 
     </span>
    </p>

    <p class='ocr_par' dir='ltr' id='par_1_9' title="bbox 37 2402 1392 2564">
     <span class='ocr_line' id='line_1_31' title="bbox 103 2402 1390 2452; baseline -0.003 -12"><span class='ocrx_word' id='word_1_229' title='bbox 103 2402 165 2452; x_wconf 79' lang='lat'><strong>(4)</strong></span> <span class='ocrx_word' id='word_1_230' title='bbox 199 2404 314 2438; x_wconf 88' lang='lat' dir='ltr'><strong>Huius</strong></span> <span class='ocrx_word' id='word_1_231' title='bbox 338 2404 498 2446; x_wconf 83' lang='lat' dir='ltr'><strong>syntaxis</strong></span> <span class='ocrx_word' id='word_1_232' title='bbox 532 2406 739 2451; x_wconf 71' lang='lat' dir='ltr'><strong>exemplum</strong></span> <span class='ocrx_word' id='word_1_233' title='bbox 764 2412 816 2436; x_wconf 73' lang='lat' dir='ltr'><strong>est</strong></span> <span class='ocrx_word' id='word_1_234' title='bbox 848 2404 959 2436; x_wconf 76' lang='lat' dir='ltr'><strong>etiam</strong></span> <span class='ocrx_word' id='word_1_235' title='bbox 983 2403 1076 2449; x_wconf 77' lang='lat' dir='ltr'><strong>apud</strong></span> <span class='ocrx_word' id='word_1_236' title='bbox 1099 2405 1319 2438; x_wconf 73' lang='lat' dir='ltr'><strong>Frontonem</strong></span> <span class='ocrx_word' id='word_1_237' title='bbox 1345 2403 1390 2436; x_wconf 74' lang='lat' dir='ltr'><strong>de</strong></span> 
     </span>
     <span class='ocr_line' id='line_1_32' title="bbox 37 2459 1392 2508; baseline -0.001 -13"><span class='ocrx_word' id='word_1_238' title='bbox 37 2459 144 2507; x_wconf 81' lang='lat' dir='ltr'><strong>feriis</strong></span> <span class='ocrx_word' id='word_1_239' title='bbox 170 2459 394 2495; x_wconf 71' lang='lat' dir='ltr'><strong>Alsiensibus</strong></span> <span class='ocrx_word' id='word_1_240' title='bbox 423 2460 525 2505; x_wconf 74' lang='lat' dir='ltr'><strong>epist.</strong></span> <span class='ocrx_word' id='word_1_241' title='bbox 555 2463 620 2495; x_wconf 87' lang='lat' dir='ltr'>III.</span> <span class='ocrx_word' id='word_1_242' title='bbox 649 2462 692 2494; x_wconf 87' lang='lat' dir='ltr'><strong>ed</strong></span> <span class='ocrx_word' id='word_1_243' title='bbox 717 2461 864 2494; x_wconf 79' lang='lat' dir='ltr'><strong>mediol.</strong></span> <span class='ocrx_word' id='word_1_244' title='bbox 894 2472 929 2505; x_wconf 85' lang='lat' dir='ltr'><strong>p.</strong></span> <span class='ocrx_word' id='word_1_245' title='bbox 959 2465 1034 2495; x_wconf 82' lang='lat'>188.</span> <span class='ocrx_word' id='word_1_246' title='bbox 1068 2461 1173 2495; x_wconf 77' lang='lat' dir='ltr'><em>Nunc</em></span> <span class='ocrx_word' id='word_1_247' title='bbox 1199 2473 1332 2508; x_wconf 73' lang='lat' dir='ltr'><strong>quoque</strong></span> <span class='ocrx_word' id='word_1_248' title='bbox 1360 2460 1392 2495; x_wconf 68' lang='lat' dir='ltr'><strong>si</strong></span> 
     </span>
     <span class='ocr_line' id='line_1_33' title="bbox 45 2515 1016 2564; baseline 0 -12"><span class='ocrx_word' id='word_1_249' title='bbox 45 2519 110 2553; x_wconf 76' lang='lat' dir='ltr'><strong>tibi</strong></span> <span class='ocrx_word' id='word_1_250' title='bbox 130 2515 304 2564; x_wconf 77' lang='lat' dir='ltr'><strong>subulam</strong></span> <span class='ocrx_word' id='word_1_251' title='bbox 334 2516 475 2551; x_wconf 74' lang='lat' dir='ltr'><strong>brevem</strong></span> <span class='ocrx_word' id='word_1_252' title='bbox 508 2516 633 2551; x_wconf 72' lang='lat' dir='ltr'><strong>libenti</strong></span> <span class='ocrx_word' id='word_1_253' title='bbox 660 2527 712 2551; x_wconf 77' lang='lat' dir='ltr'><strong>esc</strong></span> <span class='ocrx_word' id='word_1_254' title='bbox 743 2517 890 2559; x_wconf 76' lang='lat' dir='ltr'><strong>audire,</strong></span> <span class='ocrx_word' id='word_1_255' title='bbox 920 2517 1016 2552; x_wconf 82' lang='lat' dir='ltr'><strong>audi.</strong></span> 
     </span>
    </p>
   </div>
  </div>
 </body>
</html>
