1752 3116
330 625 656 670 IVLII
733 621 1258 666 VALERII

466 767 656 876 RES
729 764 1122 841 GESTAE

117 925 754 971 ALEXANDRI
829 919 1465 970 MACEDONIS

349 1040 660 1078 TRANSLATAE
708 1042 777 1076 EX
824 1041 997 1077 AESOPO
1046 1039 1241 1077 GRAECO.

634 1174 873 1204 LIBER
919 1173 950 1202 Ι.

464 1275 602 1339 QVI
652 1276 795 1315 EST
848 1274 1126 1316 ORTVS.

273 1444 283 1456 .
320 1410 366 1442 (t)
399 1445 408 1455 .
447 1444 456 1454 .
495 1444 505 1454 .
557 1413 594 1455 1.
631 1407 692 1454 ad
720 1419 892 1454 votum
926 1408 1208 1469 proclivitas
1244 1406 1350 1452 fiat:
1388 1421 1469 1451 ne·
1540 1418 1702 1453 Alexan-

1487 1475 1548 1508 der
1602 1478 1700 1512 Elim

123 1509 215 1553 qne
260 1493 396 1541 enim
452 1491 683 1554 improbo
729 1493 931 1538 huiusce
975 1489 1201 1536 desiderii
1244 1489 1466 1554 gloriam.
1484 1534 1581 1567 venit
1655 1535 1698 1569 ad

122 1580 262 1622 Tunc
296 1574 445 1630 filius,
494 1576 709 1622 Gratiam
744 1574 972 1638 equidem
1006 1575 1125 1627 tibi,
1169 1585 1333 1636 pater,
1379 1574 1467 1618 hu·
1485 1592 1601 1626 ludos.

182 1763 237 1808 (*)
269 1764 370 1796 Unus
404 1763 549 1797 omnino
581 1763 767 1811 quaternio
791 1764 834 1797 ab
863 1763 969 1796 initio
991 1762 1124 1795 codicis
1157 1762 1265 1795 abest.
1305 1762 1468 1806 Namque

127 1829 208 1866 post
225 1819 355 1853 codicis
379 1819 548 1864 paginam
570 1831 657 1855 XVI.
688 1820 821 1866 legitur
842 1828 925 1852 nota
953 1818 1200 1865 quaternionis
1227 1817 1394 1857 secundi,
1432 1824 1467 1848 et

127 1877 177 1909 sic
209 1876 374 1920 deinceps
406 1876 572 1910 aliorum.
625 1878 746 1922 Quota
772 1888 855 1909 vero
882 1887 962 1921 pars
993 1877 1036 1908 Ἰ·
1058 1875 1197 1907 Valerii
1223 1874 1466 1914 desideretur,

130 1934 282 1965 duorum
305 1933 469 1965 codicum
487 1933 706 1978 inspectione
728 1944 939 1979 cognoscere
959 1932 1046 1965 licet
1066 1931 1184 1976 graeci
1207 1943 1334 1975 nempe
1358 1938 1394 1962 et
1413 1930 1469 1962 la-

128 1989 197 2022 tini
225 1990 261 2022 in
289 1990 505 2023 bibliotheca
527 1990 751 2023 ambrosiana
780 1988 1032 2036 superstitum,
1075 1988 1118 2020 de
1145 1988 1272 2034 quibus
1297 1987 1333 2020 in
1365 1998 1470 2031 prae-

129 2045 265 2080 fatione
297 2047 434 2079 locutus
468 2058 559 2079 sum.
609 2048 686 2079 Iam
710 2055 750 2080 ut
782 2046 904 2092 paucis
929 2045 1009 2079 heic
1037 2056 1114 2078 rem
1138 2056 1333 2090 exsequar,
1376 2042 1470 2075 nihil

127 2103 226 2136 allud
248 2103 322 2135 sere
343 2102 534 2148 requiritur
555 2103 593 2136 in
615 2103 737 2137 codice
754 2105 794 2137 Ἰ·
813 2101 973 2143 Valerii,
1004 2113 1111 2147 quam
1132 2100 1328 2135 Nectanabi
1348 2100 1470 2132 fabula

129 2172 256 2206 parum
279 2160 444 2205 equidem
470 2168 618 2193 venusta
632 2185 642 2201 ‚
671 2173 780 2205 pauca
798 2159 843 2192 de
865 2158 1072 2192 educatione
1094 2156 1316 2198 Alexandri,
1348 2164 1382 2189 et
1405 2157 1470 2189 de-

129 2216 276 2261 scriptio
298 2216 493 2261 Bucephali
510 2216 571 2263 qui
594 2217 636 2250 ab
661 2217 871 2251 Alexandro
900 2227 1010 2261 puero
1036 2214 1209 2248 ciem-atus
1231 2223 1294 2247 est.
1335 2214 1468 2247 Necta-

127 2273 240 2307 nabus
266 2272 504 2318 principatum
529 2274 689 2319 Aegypti
710 2286 820 2321 quum
846 2280 998 2313 teneret,
1037 2284 1107 2304 non
1130 2272 1191 2304 ille
1215 2271 1358 2316 quidem
1384 2282 1466 2303 cru-

129 2338 212 2362 ento
238 2330 331 2363 bello
346 2354 356 2371 ‚
386 2329 446 2362 sed
463 2330 611 2375 magicis
633 2332 764 2364 artibus
790 2331 909 2364 hostes
934 2341 1015 2362 suos
1039 2327 1210 2362 facillime
1233 2339 1377 2373 pessum
1401 2327 1466 2360 da-

128 2386 202 2420 bat.
233 2387 369 2420 Verum
384 2386 575 2431 aliquando
595 2399 704 2432 quum
726 2387 793 2420 sibi
817 2394 927 2420 artem
946 2385 1041 2418 haud
1059 2385 1180 2418 favere
1202 2384 1379 2424 sensisset,
1406 2395 1465 2416 re-

129 2441 213 2477 licto
237 2454 346 2488 regno
362 2467 372 2484 ,
404 2441 441 2475 in
466 2443 714 2477 Macedoniam
737 2445 836 2477 exau]
859 2442 1031 2488 profugit.
1082 2441 1156 2483 Ibi,
1186 2442 1328 2475 ab<ente
1350 2440 1466 2474 bello·-

131 2511 211 2533 rum
243 2512 345 2532 causa
365 2499 556 2545 Philippo,
598 2500 648 2532 ita
675 2500 932 2544 Olympiadem
958 2499 1156 2533 execrando
1176 2498 1326 2532 artificio
1358 2497 1402 2530 ad
1429 2508 1464 2529 se

130 2557 302 2599 pellexit,
343 2565 380 2588 ω
421 2565 453 2588 et
497 2568 637 2591 causam
677 2557 859 2603 geniturae
894 2556 1090 2591 Alexandri
1119 2555 1257 2588 dedisce
1289 2555 1462 2589 videatur.
