1752 3116
358 200 435 239 158
738 201 1091 242 ALEXANDRI
1129 204 1311 243 ORTVS

355 344 374 368 »
388 314 637 362 obviantes
660 328 945 377 conpertum
969 314 1028 361 ad
1051 333 1152 362 sese
1177 316 1404 381 dirigere:
1444 334 1543 364 esse
1569 318 1703 364 enim

357 398 493 461 „regi
528 399 809 451 consilium,
857 400 931 443 uti
967 398 1183 454 adfectus
1216 398 1500 446 verberibus
1543 402 1703 463 pueri-

357 510 377 534 ,‚
391 480 517 527 libus
555 482 853 543 amictusque
888 494 1000 543 post
1046 494 1177 527 veste
1211 499 1451 543 purpurea
1487 500 1600 529 cum
1634 495 1702 528 ta-

359 564 530 618 „bellis
567 579 616 611 et
648 565 951 627 crepitaculis
985 566 1131 610 matri
1176 564 1429 610 reddatur:
1467 566 1536 612 sic
1571 568 1704 612 enim

360 677 378 701 >,
392 647 720 693 Macedonum
755 666 928 710 pueros
964 650 1174 695 lusitare.
1210 652 1338 694 Tum
1364 647 1471 695 fore
1504 660 1560 694 ut
1594 666 1708 695 cum

361 730 468 783 „illi
503 730 770 791 praefectus
807 731 865 776 ad
886 732 1243 778 observantiam
1268 731 1550 793 disciplinae
1568 737 1717 778 Persa·

359 812 566 874 „aliquis
605 815 948 869 comitaretur,
984 817 1126 863 virile
1162 815 1388 861 officium
1412 816 1589 862 rectius
1617 815 1710 862 dis·

361 909 535 951 ,‚ceret.
573 898 727 962 Igitur
762 911 988 960 oportere
1033 911 1242 961 satrapas
1279 898 1476 960 quidem
1510 899 1713 945 classem

361 981 495 1033 „eius
531 999 625 1027 una
662 999 774 1027 cum
809 983 986 1028 navitis
1022 983 1122 1028 alto
1155 981 1491 1045 submergere,
1529 982 1712 1027 milites

362 1081 508 1116 „vero
546 1077 745 1111 cunctos
781 1065 910 1111 ferro
946 1067 1136 1113 vinctos
1183 1065 1244 1111 ad
1278 1064 1413 1111 rubri
1457 1066 1602 1111 maris
1641 1067 1715 1110 ul-

361 1149 573 1200 „teriora
617 1148 886 1202 transduci,
941 1161 997 1194 ut
1055 1150 1158 1194 illic
1202 1150 1363 1195 colere
1406 1148 1715 1194 iuberentur:

362 1260 382 1283 »
396 1247 543 1292 equos
565 1243 815 1293 ceteraque
837 1232 1058 1276 militum
1089 1232 1444 1294 impedimenta
1470 1231 1566 1279 sibi
1583 1232 1715 1295 ipsos
1751 1273 1752 1280 ,

364 1313 571 1366 „habere
605 1315 770 1376 privos
808 1315 1071 1376 amicisque
1106 1316 1325 1380 largiri«.

135 1399 348 1434 Litteraesa-
465 1400 634 1446 XLIX.
674 1397 766 1443 Sed
801 1398 932 1443 hisce
965 1399 1142 1445 litteris
1178 1399 1391 1444 nihilum
1432 1398 1493 1444 ad
1527 1409 1717 1444 metum

131 1466 349 1549 ΞἙΞἘΞᾘ
367 1492 582 1542 satrapae
633 1481 758 1527 moti
805 1482 906 1545 regi
950 1481 1265 1544 respondere:
1327 1487 1621 1542 „Hystaspes
1674 1493 1722 1527 et

366 1565 640 1626 „Spynther
674 1568 779 1610 Deo
815 1565 966 1610 Dario
1003 1567 1212 1611 salutem
1245 1565 1428 1615 dicunt,
1481 1565 1724 1609 Miramur

367 1649 533 1701 „satim
571 1649 767 1693 latuisse
800 1660 872 1702 te,
910 1666 1018 1703 rex,
1057 1661 1218 1694 tantae
1254 1647 1588 1694 multitudinis
1631 1647 1722 1692 im·

369 1743 568 1792 >‚petum
590 1732 902 1793 supervenire
923 1732 1240 1785 nostratibus,
1280 1734 1364 1794 qui
1389 1731 1552 1793 quales
1576 1747 1723 1793 quan-

370 1815 540 1876 >‚tique
576 1815 672 1860 sint
700 1831 798 1875 quo
824 1814 1014 1861 facilius
1038 1816 1328 1869 noscitares,
1367 1814 1581 1875 quinque
1603 1830 1722 1875 quos

371 1897 532 1951 „forte
566 1897 785 1943 indidem
823 1911 990 1960 captos
1025 1899 1315 1945 haberemus
1349 1898 1539 1944 vinctos
1573 1909 1724 1943 trans—

373 1982 649 2036 „misi1nus,
687 1998 788 2026 non
825 1984 928 2028 ausi
965 2000 1137 2029 eorum
1182 1984 1309 2028 ultra
1355 1980 1541 2043 aliquid
1593 1980 1726 2026 adin-

374 2065 599 2126 >‚quirere
634 2081 755 2126 quae
790 2067 887 2112 sint
923 2066 1140 2113 fortassis
1164 2067 1264 2129 regi
1288 2065 1563 2127 praescitui.
1602 2065 1727 2109 Boni

375 2148 556 2211 „igitur
592 2149 838 2203 consules,
878 2151 1342 2210 quamprimumque
1364 2165 1477 2194 cum
1512 2148 1727 2193 exercitu

376 2232 484 2285 >‚vel
519 2233 862 2293 potentissimo
900 2232 1060 2278 eidem
1097 2232 1366 2279 obviabis«.

172 2341 274 2373 Darii
304 2352 361 2374 re-
477 2318 530 2359 L.
576 2315 666 2360 Sed
701 2333 790 2362 nec
826 2315 894 2360 sic
931 2315 1130 2377 quidem
1162 2315 1469 2361 abiciendam
1504 2314 1733 2361 mollien-

143 2410 328 2442 *90¹¹⁵¹¹¹¹¹·
378 2398 618 2444 damve<‘²)
655 2399 830 2445 Darius
866 2401 1192 2464 arrogantiam
1236 2411 1389 2462 putat.
1460 2399 1607 2443 Enim
1643 2415 1736 2443 res-

414 2595 465 2625 (a)
489 2594 572 2622 cod.
597 2594 863 2630 moliendamve,
889 2605 933 2625 ex
955 2605 1024 2630 quo
1051 2596 1178 2625 facere·
1203 2599 1302 2625 etiam
1328 2595 1609 2625 amoliendasmve.
