1732 3121
312 158 392 194 266
697 153 1050 194 ALEXANDRI
1078 155 1280 195 OBITVS

315 268 513 321 dubitet,
544 278 646 311 tunc
669 271 833 310 demum
845 264 956 325 sore
986 269 1225 310 Candacem
1254 272 1367 310 orbis
1391 272 1585 312 universi
1596 285 1661 310 re-

311 343 484 394 ginam,
525 346 564 383 si
605 344 710 383 talis
745 356 908 397 quoque
939 352 1077 381 mater
1097 343 1198 398 filii
1231 342 1497 395 putaretur?
1555 345 1658 396 Ego

312 418 397 453 iam
429 417 555 456 credo
590 432 674 456 non
712 425 756 456 te
788 417 888 468 plus
911 410 1043 471 ferro
1075 416 1159 473 vel·
1179 416 1360 467 proeliis
1401 431 1528 471 quam
1559 425 1660 455 actu

311 491 440 528 etiam
464 489 639 530 celebris
670 490 934 541 prudentiae
968 488 1172 541 gentibus
1199 490 1491 540 praestitisse.
1551 489 1662 529 Con·

300 560 435 616 firmo
460 563 604 615 igitur
627 564 710 603 tibi
733 577 882 602 rursus
900 563 1074 602 eandem
1109 561 1229 600 illam
1246 561 1386 618 fidem
1413 562 1662 614 sponsionis

311 649 425 675 meae
437 665 451 683 ,
483 651 615 689 neque
627 645 672 676 te
693 645 742 675 ut
754 650 823 675 res
837 644 902 675 est
925 635 1179 674 noscendum
1201 637 1392 686 cuipiam
1405 635 1660 692 profitebor.

122 712 292 749 Alexan·
393 708 550 746 LXVI.
587 710 710 760 Ergo
730 718 832 760 post
850 722 1014 759 paucos
1028 709 1260 749 admodum
1276 709 1370 748 dies
1385 707 1662 760 digredienti

76 772 142 863 ἐφ’
167 772 291 861 ‘ligreg
309 782 387 820 dat
410 783 617 820 secretius
638 796 811 821 munera
836 795 1032 821 coronam
1064 795 1239 820 auream
1274 780 1572 821 adamantibus
1597 792 1664 818 co-

105 839 174 862 zl‘ur
245 842 267 861 a

74 885 161 920 aula
195 886 291 920 Can-

75 944 188 979 dacis.
308 927 538 967 unionibus
560 927 840 982 beryllisque,
872 928 1132 980 chlamydem
1154 930 1284 967 etiam
1301 941 1571 980 purpuream
1597 929 1662 966 in-

307 865 545 894 ruscantem
570 865 750 906 prorsus
772 871 822 894 ac
847 858 885 894 si
905 853 955 884 (a)
987 856 1152 905 regiam
1167 878 1180 900 ,
1211 853 1390 894 thoraca
1411 855 1585 894 varium
1608 866 1662 892 ex

308 1010 557 1056 textamque
600 1016 734 1049 auro,
787 1003 958 1054 aliaque
994 1009 1227 1051 praeterea
1265 1016 1356 1041 cum
1406 1000 1658 1041 testimonio

307 1073 508 1126 publico,
543 1089 650 1128 quae
668 1075 728 1113 ad
762 1076 994 1114 satellitem
1026 1079 1320 1127 pertinerent,
1350 1074 1553 1128 iubetque
1587 1073 1662 1114 ho-

307 1149 462 1186 minem
484 1148 641 1186 deduci
666 1161 715 1185 eo
738 1155 781 1186 et
818 1161 899 1198 per
929 1156 1136 1199 satrapas
1170 1150 1450 1202 vicissimque
1483 1140 1664 1202 profec-

80 1235 290 1271 Alexandri
307 1231 397 1261 tum
423 1221 628 1273 repedare
652 1233 736 1273 quo
756 1212 803 1249 (b)
836 1230 1031 1262 venerat.
1101 1223 1187 1261 Ubi
1229 1224 1374 1275 igitur
1405 1222 1466 1260 ad
1496 1222 1547 1260 id
1575 1220 1662 1260 loci

72 1307 149 1327 cum
213 1293 289 1326 Diis
305 1295 558 1335 Alexander
594 1294 735 1342 venit,
775 1306 881 1346 quas
921 1292 1167 1335 Candaules
1201 1298 1241 1335 ei
1279 1297 1476 1335 Deorum
1511 1294 1662 1333 domus

71 1363 285 1398 congressus.
304 1382 392 1408 esse
430 1362 649 1422 consessus
684 1375 749 1406 est
770 1362 847 1413 (ι),
890 1376 933 1406 et
962 1377 1113 1418 sperat
1153 1383 1281 1420 posse
1319 1368 1415 1408 illic
1446 1367 1534 1407 sibi
1555 1381 1661 1409 ‚cum

302 1442 417 1483 Diis
455 1440 757 1480 inmortalibus
782 1440 910 1481 verba
940 1454 996 1479 ex
1018 1444 1314 1492 praesentium
1341 1442 1470 1491 copia
1510 1411 1663 1491 opina-

302 1517 343 1555 ri
361 1512 406 1544 (⁶)
418 1530 434 1562 ,·
463 1513 738 1569 sacrificatus
761 1514 920 1553 ibidem
942 1516 1306 1569 convivatusque,
1338 1514 1516 1555 adhibet
1532 1516 1662 1554 etiam

303 1601 358 1627 ex
394 1586 624 1626 comitibus
656 1601 783 1641 qnam
833 1589 1131 1638 paucissimos.
1178 1591 1356 1628 Interea
1392 1587 1662 1628 intervenire

303 1661 513 1714 quasdam
536 1657 708 1716 effigies
743 1662 866 1699 videt
893 1662 1016 1700 tenui
1049 1662 1224 1713 quidem
1257 1663 1332 1702 sed
1364 1675 1538 1701 corusco
1581 1654 1660 1700 sub

301 1735 486 1783 lumine,
515 1743 565 1773 ut
595 1736 635 1772 si
666 1743 878 1773 conventu
912 1733 1114 1773 nebuloso
1148 1747 1256 1773 vera
1298 1736 1488 1785 primum
1518 1747 1661 1773 occur-

300 1808 490 1847 rentium
514 1800 851 1861 confundantur
864 1822 878 1845 .·
911 1815 1001 1846 tum
1015 1808 1149 1846 etiam
1162 1809 1531 1851 circumsistentia
1542 1815 1660 1846 tecta

301 1884 492 1934 undique
513 1880 908 1931 consplendescere:
939 1888 982 1919 et
1005 1895 1097 1919 cum
1133 1881 1201 1921 his
1228 1897 1315 1922 una
1345 1882 1502 1921 crescit
1530 1879 1658 1919 turba

292 1960 548 2010 formarum
580 1963 624 1993 et
657 1968 848 1992 murmur
877 1955 1174 2003 praesentium
1218 1964 1485 2006 usurpatur,
1523 1964 1566 1995 et
1591 1953 1659 2010 fit

298 2043 481 2082 prorsus
501 2042 628 2067 unum
651 2028 764 2067 Diis
786 2027 1113 2079 hominibusque
1140 2029 1393 2068 convivium.

386 2099 564 2140 LXVII·
610 2103 699 2141 Hic
721 2115 813 2140 cum
833 2102 979 2139 animo
1002 2096 1209 2157 confusus
1238 2101 1481 2141 reverentia
1508 2098 1659 2139 debita

301 2176 555 2217 Alexander
577 2175 826 2225 trepidaret
859 2173 1053 2228 (quippe
1091 2176 1287 2214 intuenti
1321 2168 1535 2214 viderim)
1569 2173 1655 2210 iam

299 2250 461 2288 clarius
487 2256 582 2287 erat
592 2243 799 2303 flammas
827 2248 1036 2301 quasdam
1072 2263 1127 2288 ex
1162 2249 1297 2289 oculis
1337 2251 1534 2290 Deorum
1567 2246 1658 2284 dis-

342 2406 396 2438 (a)
417 2405 498 2434 cod.
521 2407 603 2436 aesi.
652 2406 698 2440 (b)
725 2409 775 2435 Ita
800 2405 875 2435 cod.
912 2404 957 2437 (c)
983 2407 1032 2434 lta
1055 2405 1133 2436 cod.
1172 2405 1228 2439 (d)
1256 2407 1305 2433 lta
1331 2403 1407 2432 cod.

357 2548 414 2593 (1)
445 2549 576 2584 Recole
594 2550 700 2585 huius
722 2550 803 2585 libri
828 2559 935 2598 caput
960 2561 1022 2586 ω’.
