1752 3116
376 178 394 209 1
404 177 423 209 7
431 176 454 209 2
759 170 1114 213 ALEXANDRI
1145 173 1329 212 ORTVS

373 284 619 339 „liciturm
657 303 804 348 quem
838 302 936 333 non
973 303 1062 349 pro
1106 302 1297 333 summa
1332 301 1446 332 cura
1500 301 1722 347 praever-

372 370 623 422 ‚,tam(‘¹)‹⁴.
672 370 817 415 Hisce
853 369 994 414 dictis
1028 370 1181 415 sedati
1215 382 1354 417 erant
1398 369 1550 414 animi
1591 368 1724 414 mili-

371 465 504 508 tum,
540 454 872 514 revocatisque
905 452 1092 499 viribus
1143 453 1206 499 ad
1252 453 1421 501 officia
1467 452 1722 499 castrensia

372 553 472 583 sese
508 547 857 582 converterant.

168 628 358 674 Agragan-
473 624 643 666 LXIII.
690 624 846 682 Quare
893 621 1079 680 prensis
1103 616 1155 654 (ᾗ)
1185 621 1412 683 plurimis
1447 617 1724 666 civitatibus

136 693 257 776 {¹122ss
275 699 357 775 ΞΞΪ
373 704 467 748 iter
499 703 558 747 in'
589 707 771 749 Locros
796 704 845 735 (¹)
881 706 1106 766 protinus
1147 705 1318 751 vertit:
1357 720 1452 766 qua
1497 703 1549 748 in
1604 700 1728 748 urbe

136 806 213 830 tum
267 799 356 833 Ale·
371 785 565 832 refectis
601 786 775 831 animis
822 789 1084 858 omnium&
1123 795 1450 853 Agragantum
1469 786 1520 817 (²)
1553 781 1745 832 tendit.⁷

135 854 286 890 xandro.
370 876 495 916 Eam
527 869 700 915 urbem
742 869 978 935 ingressus
1020 872 1233 917 nihilum
1278 882 1495 917 moratus
1537 866 1727 914 scandit

370 954 615 1016 Apollinis
653 956 920 1016 templum,
960 955 1358 1017 sacerdotemque
1391 969 1514 1015 quae
1540 950 1728 997 ibidem

369 1037 633 1084 antistabat
667 1039 864 1084 solitam
899 1039 1156 1084 vaticinari
1193 1039 1243 1084 in
1278 1038 1331 1083 id
1369 1037 1532 1098 ipsum
1566 1033 1730 1096 coepit

367 1137 555 1185 urgere.
603 1123 871 1167 Enimvero
908 1138 1021 1167 cum
1064 1134 1219 1175 vates,
1266 1121 1367 1170 Dei
1401 1121 1454 1164 in
1499 1136 1548 1165 se
1582 1118 1730 1179 spira·

365 1204 504 1250 tione
538 1216 774 1257 cessante,
813 1205 942 1249 nihil
977 1206 1074 1250 tale
1108 1222 1158 1250 se
1192 1220 1335 1269 posse
1357 1203 1604 1255 fateretur,
1619 1201 1726 1246 Ale-

363 1287 546 1333 xander
593 1299 781 1342 motus,
843 1289 898 1333 ni
952 1287 1133 1334 faceret
1183 1275 1532 1334 interminatflr
1576 1284 1729 1346 tripo-

363 1371 476 1416 dam
497 1371 546 1404 (3)
582 1388 777 1434 quoque
812 1389 862 1418 se
898 1371 958 1417 ad
994 1372 1218 1417 Herculis
1253 1371 1479 1419 fabulam
1513 1367 1728 1415 sublatu-

363 1472 489 1500 rum.
537 1460 602 1500 Et
649 1472 761 1501 cum
807 1455 939 1502 dicto
993 1455 1154 1501 aufert
1197 1455 1385 1501 scilicet
1441 1451 1723 1515 tripodam,

364 1571 385 1579 κ

397 1624 450 1654 (α)
477 1622 560 1651 eod.
585 1627 799 1659 praevertat.
837 1621 883 1655 (h)
910 1622 990 1651 Cod.
1010 1623 1133 1660 persis.

421 1757 483 1807 (1)
519 1762 654 1796 locros
684 1763 819 1796 scilicet
853 1764 1036 1798 Graeciae.

421 1815 482 1865 (2)
518 1820 730 1866 Agr-agauri
761 1819 851 1864 (seu
884 1822 1084 1867 Acraganti
1114 1821 1170 1854 vel
1196 1819 1420 1867 Agrigenti)
1451 1819 1599 1859 'nomine
1619 1818 1723 1852 urbes

362 1874 520 1920 quinque
553 1877 747 1922 appellatas
781 1878 831 1910 ait
869 1879 1069 1923 Stephanus
1102 1878 1338 1922 byzantinus,
1382 1877 1530 1912 siculam
1564 1876 1724 1917 scilicet,

360 1932 571 1974 threiciam,
605 1934 814 1976 euboicam,
847 1936 1034 1979 cypriam,
1068 1937 1231 1969 aetolam.
1290 1936 1347 1969 De
1374 1935 1490 1967 aetola
1518 1945 1612 1967 nunc
1646 1945 1722 1967 ser—

359 2001 505 2023 monem
529 2002 604 2021 esse
627 1991 803 2032 arbitror,
834 1992 1004 2037 quoniam
1030 1992 1154 2026 Locris
1181 1991 1219 2024 in
1251 2004 1327 2025 eam
1354 1991 1479 2024 transit
1499 1989 1719 2025 Alexander.

359 2045 472 2079 Porro
510 2046 652 2080 inficeta
676 2048 877 2082 Alexandri
908 2049 1078 2091 historia,
1121 2061 1211 2095 quae
1245 2049 1383 2082 saeculo
1411 2059 1480 2082 xv.
1514 2048 1613 2080 edita
1645 2054 1719 2087 est,

358 2101 464 2136 huius
491 2104 649 2137 nominis
669 2106 877 2151 Agraganti
898 2106 1088 2151 vestigium
1117 2114 1303 2139 conservat
1327 2117 1403 2150 cap.
1427 2115 1530 2138 xxx.
1563 2104 1616 2136 his
1638 2115 1720 2135 rer-

357 2158 438 2192 bis:
474 2160 582 2193 Venit
603 2163 639 2193 in,
659 2161 774 2195 locum
795 2162 854 2208 qui
877 2162 1007 2195 ‹licien›-
1031 2162 1268 2208 Tragacintes
1303 2158 1367 2208 (at
1397 2162 1434 2194 in
1460 2161 1582 2194 codice
1607 2160 1718 2193 ambr.

361 2216 519 2250 eiusdem
545 2218 717 2251 historiae
746 2219 945 2265 Traganes.
986 2220 1042 2253 Ab
1071 2220 1141 2252 alio
1164 2218 1242 2251 cod.
1266 2219 1380 2251 latino
1405 2219 1517 2251 ambr.
1545 2226 1578 2251 ct
1603 2229 1718 2262 graeeo

358 2273 446 2306 llaec
471 2275 631 2308 narratio
656 2272 790 2324 abest).
839 2277 1011 2322 Sequitur
1036 2285 1154 2310 autom
1179 2276 1215 2308 in
1241 2287 1281 2308 ea
1306 2275 1402 2308 edita
1426 2275 1576 2308 historia
1598 2285 1721 2307 narra·-

359 2330 412 2363 tio
434 2330 583 2371 eadem,
615 2343 833 2378 quamquam
863 2333 967 2366 aliu-1·
987 2334 1197 2366 deformata.
1255 2332 1467 2366 Plutarchus
1486 2345 1520 2377 p.
1546 2336 1718 2364 20—21.

358 2387 430 2427 ait,
462 2389 646 2421 oraculum
674 2389 717 2422 ab
743 2389 952 2424 Alexandro
988 2391 1141 2435 petitum
1168 2389 1332 2434 Delphis.
1381 2390 1518 2422 Revera
1552 2397 1583 2421 er
1621 2387 1719 2434 quod

359 2444 438 2476 lwic
469 2443 614 2477 additur
642 2445 685 2478 de
719 2446 860 2491 tripode
892 2447 934 2479 ab
959 2447 1114 2481 Hercule
1149 2447 1311 2487 sublato,
1341 2446 1379 2481 id
1409 2447 1543 2480 sactum
1564 2444 1718 2491 Delphis

358 2508 477 2534 narrat
494 2481 684 2535 Pausaniffs
708 2502 846 2536 Phocis.
878 2513 972 2537 Χῐῐῐ.

416 2558 474 2601 (3)
507 2560 602 2592 Nota
632 2560 923 2596 terminatiouvm
954 2561 1145 2607 tripodam.
