1752 3116
313 173 392 208 122
696 165 1051 209 ALEXANDRI
1078 168 1260 208 ORTVS

309 282 504 337 „niores
536 283 809 345 periculum
832 281 990 328 vadat.
1049 287 1226 328 Contra
1261 293 1425 327 autem
1461 280 1502 326 si
1531 277 1651 324 recti

309 383 425 428 „per
447 383 532 413 vos
554 379 671 412 voto
698 366 941 418 fruantur,
977 379 1063 410 vos
1091 380 1286 427 quoque
1312 363 1494 428 gloriae
1515 373 1652 424 parte

308 448 532 509 >>potiore
575 448 928 494 celebremini.«
994 447 1083 493 His
1129 446 1271 494 dictis
1313 463 1395 493 eos
1430 461 1652 507 quoque,

309 546 430 592 quos
473 532 661 578 senium
699 531 808 582 ‘iam
841 520 1117 585 obsederat,
1163 532 1216 577 in
1251 527 1544 577 sententiam
1575 544 1651 573 su-

306 629 387 659 am
421 615 555 665 vicit.

120 704 289 767 *Alexan-
404 701 505 745 XV.
543 699 908 746 Connumeratis
952 697 1102 762 igitur
1136 709 1184 743 et
1220 696 1375 744 veteri
1406 695 1566 742 milite
1602 704 1652 738 et

74 761 128 849 [dlx
153 773 290 863 ῖῗθζζ
306 797 426 842 quos
461 782 564 843 ipse
610 799 774 829 recens
809 782 1083 843 scripserat,
1134 792 1392 846 congregat
1424 775 1652 825 Macedo·

71 875 186 909 cunia.
303 881 387 910 nas
425 865 639 926 quinque
672 877 722 911 et
754 865 922 910 decem
954 865 1092 910 milia
1119 864 1330 927 pedites,
1366 862 1544 910 auxilia
1582 859 1653 905 di-

302 964 434 992 versa
480 947 533 991 in
576 959 690 995 octo
736 948 959 1002 milibus,
1011 949 1197 1012 equites
1241 957 1357 995 vero
1401 945 1650 1009 indigenas

300 1032 634 1094 septingentos
669 1043 719 1077 et
763 1031 861 1078 duo
897 1032 1059 1086 milia,
1115 1032 1232 1077 levis
1267 1046 1464 1094 quoque
1498 1043 1653 1074 arma-

299 1125 438 1159 turae
481 1116 690 1161 Thracas
732 1132 938 1160 numero
984 1114 1303 1179 octingentos.
1373 1111 1513 1158 Unde
1556 1112 1652 1157 hoc

299 1212 504 1242 numero
537 1213 651 1241 cum
672 1209 902 1244 veterano
924 1198 1085 1243 milite
1109 1209 1401 1262 congregato
1427 1211 1650 1242 ·n‹:L1111·

299 1280 360 1325 ad
386 1297 510 1325 mxx·
546 1280 685 1326 milia
721 1280 1045 1326 militantium
1076 1292 1214 1326 erant
1238 1279 1303 1326 (ι).
1370 1284 1509 1326 Tunc
1543 1278 1650 1323 viae

298 1375 550 1424 sumptum
586 1379 610 1407 a
635 1363 855 1425 Philippi
883 1364 1118 1409 thesauris
1145 1365 1422 1427 collatuque
1455 1361 1650 1409 studen-

297 1447 425 1492 tium
460 1445 600 1491 rebus
632 1447 729 1492 suis
754 1447 858 1491 auri
885 1448 1066 1491 talenta
1093 1465 1185 1492 mx·
1221 1464 1333 1493 cum
1359 1464 1510 1493 ·cccc·
1536 1463 1648 1508 qua-

84 1550 278 1596 Expeditio
296 1541 503 1590 tuorque
539 1540 588 1574 et
622 1528 787 1575 decem
824 1529 1023 1575 milibus
1059 1531 1190 1594 cogit
1215 1530 1279 1582 (Β),
1347 1531 1496 1578 Classi
1533 1546 1646 1595 ergo

63 1607 103 1682 ist
161 1608 278 1641 Thra·
296 1612 538 1658 elaborata
584 1612 636 1657 in
672 1611 961 1658 Macedonia
1003 1625 1104 1659 tam
1154 1614 1310 1679 longis
1347 1630 1495 1676 quam
1530 1629 1646 1659 one-

61 1676 166 1699 fflm’
294 1696 432 1741 rariis
479 1695 704 1750 nav-ihm,
751 1697 924 1742 transit
967 1697 1017 1742 in
1064 1697 1344 1750 Thraciam,
1395 1713 1516 1758 quae
1549 1695 1644 1741 sibi

292 1781 440 1842 patris
468 1779 686 1840 Philippi
719 1780 898 1826 virtute
928 1783 1140 1842 quaesita
1169 1779 1515 1827 hereditarium
1547 1790 1643 1825 stu-

293 1864 430 1909 dium
466 1863 662 1909 deberet
697 1875 841 1924 atque
874 1863 1098 1910 deferret.

350 1973 411 2024 (1)
443 1976 568 2010 Mirari
599 1977 693 2009 subit
732 1977 825 2022 quod
862 1979 902 2010 ‘l’
930 1979 1093 2011 Valerius
1128 1988 1200 2012 tam
1230 1979 1420 2023 diligenter
1452 1990 1639 2011 numerum

288 2033 387 2067 ineat
415 2033 575 2066 militum
599 2033 820 2073 Alexandri,
851 2046 979 2078 nempe
1005 2036 1232 2080 septuaginta
1261 2036 1362 2068 mille
1389 2044 1635 2077 sexcentorum

290 2089 549 2136 quinquaginta
577 2097 740 2135 quatuor.
783 2091 893 2135 Atqui
919 2091 976 2124 hic
1006 2103 1175 2125 numerus
1199 2092 1308 2138 duplo
1334 2092 1409 2125 fere
1443 2092 1558 2125 maior
1584 2099 1635 2124 est

289 2158 397 2194 quam
425 2145 521 2191 apud
542 2146 630 2178 alios
655 2146 852 2179 veraciores
874 2148 1075 2193 scriptores.

347 2198 408 2250 (2)
440 2204 578 2246 Nempe
597 2203 867 2249 quatuordecim
889 2204 1032 2237 milibus
1053 2204 1321 2251 quadringentis
1341 2204 1538 2250 sexaginta.
1570 2204 1633 2237 Est

288 2268 409 2292 autem
438 2259 578 2305 insigne
608 2259 830 2304 figmentum.
898 2262 1108 2294 Plutarchus
1137 2262 1233 2296 enim
1266 2263 1311 2295 de
1336 2260 1481 2307 fortun.
1518 2260 1631 2294 Alex.

288 2316 370 2360 (ed.
398 2317 509 2350 Paris.
535 2327 591 2349 an.
621 2326 820 2350 mncxxrv.
853 2318 895 2350 T.
924 2319 968 2350 II.
1000 2331 1032 2364 p.
1064 2318 1158 2363 527.)
1191 2319 1238 2353 ait
1265 2318 1471 2354 Alexandro
1500 2330 1562 2363 por
1594 2317 1628 2349 id
1655 2324 1659 2339 ¹

289 2381 428 2418 teinpus
452 2373 560 2406 fuisse
580 2373 618 2406 in
640 2374 774 2407 aerario
801 2373 931 2407 talenta
954 2376 995 2408 ad
1022 2387 1202 2409 summum
1222 2387 1317 2410 Lxx.
1336 2375 1478 2411 Curtius
1502 2374 1561 2422 (x.
1576 2371 1627 2421 2.)

286 2429 460 2463 Arrianus
484 2426 577 2478 (vn.
601 2425 653 2475 9.)
684 2431 842 2463 scribunt
871 2444 951 2464 eum
977 2433 1147 2476 reperisse
1180 2433 1217 2466 in
1238 2434 1348 2479 patris
1381 2445 1459 2466 arca
1499 2432 1628 2465 talenta

288 2485 347 2519 vix
373 2497 437 2520 Lx.
471 2486 561 2520 aeris
588 2494 706 2519 autem
735 2487 843 2521 alieni
864 2499 900 2523 D.
926 2489 1099 2523 Arrianus
1123 2489 1244 2531 addit,
1273 2490 1520 2527 Alexandrum
1546 2500 1628 2522 mu-

289 2552 426 2577 tuatum
449 2544 490 2577 ab
525 2543 647 2577 amicis
673 2554 779 2578 DCCC.
