1752 3116
483 203 586 242 SEV
607 202 783 243 LIBER
803 201 881 242 111.
1289 202 1367 241 235

26 331 159 360 mare
192 316 447 376 spatiosius
483 333 606 361 anne
633 328 755 362 terra
773 315 798 361 (ἕ
832 319 1032 361 Terram
1053 331 1152 360 esse
1174 331 1368 377 respon-

28 396 165 449 dent,
203 400 338 444 cuius
374 415 507 444 mare
541 400 725 462 gremio
762 411 967 462 tenetur.

126 482 253 526 XIX.
308 481 584 527 Sciscitatur
627 482 679 527 id
723 499 936 544 quoque,
987 496 1222 543 quaenam
1267 496 1369 524 om·

23 564 164 609 nium
202 563 353 612 bestia
390 564 612 611 callidior
647 576 695 610 et
728 563 971 611 astutior?
1006 565 1100 609 Hic
1125 579 1240 609 vero
1258 579 1371 608 cum

27 648 128 693 risu
166 649 419 694 hominem
455 665 552 694 esse
585 649 927 709 pronuntiant,
975 646 1253 707 adduntque
1300 662 1371 690 ra-

26 732 216 778 tionem
252 731 312 777 de
347 732 570 793 exemplo
605 732 702 784 sui,
742 731 827 793 qui
861 732 990 777 solus
1036 742 1112 775 tot
1159 730 1373 775 animan-

27 815 154 860 tium
188 816 326 860 milia
362 814 618 868 illexisset,
655 826 708 859 ut
731 814 788 859 ad
810 813 1134 875 persequenda
1157 829 1225 866 ea,
1253 829 1375 874 quae

29 897 135 944 aliis
171 910 354 950 essent,
390 897 593 959 praedae
630 898 896 958 cupiditate
930 897 1220 942 laborarent.
1258 900 1374 941 Non

27 980 101 1025 his
136 992 191 1025 ut
226 980 286 1025 ad
324 981 678 1026 contumeliam
722 979 863 1025 dictis
907 979 1176 1025 Alexander
1211 996 1377 1024 move-

27 1061 183 1107 batur.
228 1063 489 1108 Enimvero
525 1061 684 1114 addit,
734 1062 852 1123 quid
896 1062 1158 1123 imperium
1204 1062 1302 1105 illis
1322 1060 1375 1091 (η)

29 1145 312 1191 videretur?
348 1151 410 1192 At
442 1146 519 1190 illi
554 1145 736 1189 fraudis
769 1146 1042 1205 potentiam
1067 1162 1163 1189 esse
1183 1160 1377 1204 respon-

36 1228 151 1274 dent
180 1228 240 1273 ad
285 1229 437 1274 vitam
484 1228 722 1288 temporis
772 1227 1134 1280 blandimento,
1181 1229 1288 1279 vel,
1337 1226 1378 1270 si

31 1314 98 1357 ita
145 1312 367 1364 mavelit,
428 1311 605 1356 iniusta
658 1310 870 1358 audacia.
952 1312 1148 1373 Quaerit
1205 1312 1377 1363 etiam,

32 1407 263 1440 utrumne
298 1393 399 1440 dies
434 1411 494 1440 an
530 1412 646 1440 vero
682 1410 781 1439 nox
823 1395 957 1455 prius
1000 1393 1260 1438 constituta
1296 1410 1382 1454 pu-

32 1477 250 1524 taretur‘?
295 1478 530 1538 Nihilque
564 1488 877 1532 cunctantes,
926 1489 1122 1524 noctem
1166 1477 1383 1538 priorem

32 1561 205 1608 ordine
247 1577 471 1624 posuere:
532 1577 644 1606 cum
697 1561 861 1607 omnia
908 1578 1102 1623 quoque
1150 1573 1383 1622 concepta

30 1643 230 1690 vivendi
265 1645 534 1706 auspicium
578 1645 629 1688 in
678 1643 889 1689 tenebris
930 1646 1223 1690 sortiantur:
1271 1656 1385 1706 post

32 1745 148 1774 vero
185 1740 295 1773 nata
329 1728 382 1772 in
418 1729 538 1773 lucis
571 1728 723 1789 spatia
759 1728 1171 1792 transmigrarent.

134 1814 236 1856 XX.
289 1811 451 1874 Pergit
484 1811 694 1872 denique
727 1810 983 1862 sciscitari,
1020 1811 1216 1855 cuinam
1252 1827 1385 1855 rnen-

32 1897 117 1942 tiri
154 1894 407 1941 hominem
459 1909 561 1939 non
606 1891 888 1955 oporteret?
944 1897 1247 1955 Responsum
1290 1906 1383 1951 est,

38 1984 170 2032 Deo,
208 1976 339 2039 quod
375 1977 541 2022 onmia
576 1976 743 2022 videns
782 1977 866 2021 ille
892 1975 955 2021 sit
990 1988 1135 2038 atque
1160 1979 1384 2023 omniurn

40 2063 208 2110 sciens.
255 2060 454 2124 Quaerit
488 2060 659 2114 etiam,
699 2076 930 2122 quasnam
966 2060 1017 2104 in
1056 2061 1258 2106 homine
1281 2077 1388 2122 par-

37 2160 109 2193 tes
146 2145 481 2192 honoratiores
517 2161 616 2189 esse
658 2141 1026 2190 existimarent?
1076 2147 1256 2189 Laevas
1289 2160 1390 2189 esse

39 2245 322 2290 responsum
357 2239 458 2282 est,
497 2227 626 2289 quod
661 2228 735 2274 sol
771 2228 919 2274 etiam
957 2227 1115 2273 oriens
1164 2244 1220 2272 ex
1250 2228 1389 2273 laevo

40 2313 342 2359 dextrorsum
368 2312 667 2357 curriculum
690 2324 1001 2373 exsequatur:
1037 2322 1152 2356 tunc
1174 2306 1220 2342 (ὅ)
1257 2308 1391 2371 quod

41 2397 310 2459 promixtio
346 2393 562 2442 maribus
608 2412 660 2441 ac
705 2395 903 2441 feminis
960 2397 1206 2441 laevarum
1252 2410 1391 2457 mage

108 2549 160 2582 (a)
184 2546 264 2575 eod.
293 2546 379 2586 quid
409 2557 472 2586 per
506 2550 684 2585 imperium
718 2545 777 2575 szln
813 2547 992 2577 vader-etur.
1033 2544 1079 2580 (b)
1109 2550 1158 2576 lta
1195 2548 1271 2576 cod.
1311 2553 1393 2575 cunc

40 2605 101 2633 pro
126 2603 210 2626 tum.
