1752 3116
547 190 651 229 SEV
680 188 853 228 LIBER
880 187 958 229 ΙΙΙ.
1346 192 1424 228 227

82 302 156 347 his
191 300 356 348 bestiis
391 313 712 355 memoratos,
749 299 1012 347 admodum
1047 300 1211 346 animo
1237 297 1425 346 turbari

85 401 308 446 coepere,
357 386 488 430 haud
535 385 681 431 dubie
734 384 1060 430 cunctabundi
1105 383 1169 430 ob
1215 385 1425 430 insolen-

81 468 200 512 tiam
236 469 474 514 eiusmodi
509 468 712 531 proelii,
755 467 885 529 quod
921 483 1015 512 una
1045 478 1166 514 esset
1201 483 1310 512 cum
1338 467 1425 512 ho·

80 550 296 596 minibus
343 550 556 597 barbaris
601 563 649 597 et
701 551 971 616 omnigenis
1028 549 1193 596 bestiis
1245 548 1426 612 agitan-

79 632 210 680 dum.
257 634 312 679 Id
358 636 510 679 animi
557 651 726 680 eorum
774 651 874 681 non
926 634 1053 680 clam
1096 633 1425 681 Alexandrum

80 715 192 761 fuit.
241 722 370 762 Nam
405 718 506 779 ipse
554 735 746 780 quoque
787 734 882 763 una
925 733 1040 763 cum
1086 717 1193 771 [iis]
1248 715 1424 762 bestia-

78 816 191 845 rum
229 801 317 846 ista
353 802 570 848 novitate
604 802 904 848 movebatur.

177 887 236 929 X.
285 885 506 947 Quaesita
543 901 654 949 ergo
690 883 810 929 belli
846 885 1057 940 ratione,
1095 882 1425 931 comminisci·
1494 894 1656 930 Alexan-

1443 950 1496 985 dri
1528 957 1658 985 strate-

78 978 160 1012 tur
192 984 279 1029 per
313 968 538 1012 astutiam
574 985 671 1028 quo
708 967 905 1012 demum
940 984 1113 1031 genere
1142 968 1293 1013 averti
1318 985 1425 1029 pos·
1443 1019 1544 1057 gema

78 1063 153 1096 set
185 1051 378 1113 inpetus
401 1050 681 1096 bestiarum.
723 1052 878 1115 Igitur
896 1063 1074 1097 statuas
1095 1067 1253 1096 aereas
1278 1067 1425 1112 quarn

80 1134 316 1194 plurimas
351 1133 526 1180 advehi
559 1150 726 1179 secum
776 1133 1044 1195 quibusque
1091 1135 1149 1180 de
1192 1134 1428 1196 proximis

83 1216 205 1262 locis
243 1216 303 1261 ad
341 1217 503 1263 locum
538 1217 715 1280 proelii
744 1215 908 1262 iubet:
948 1216 1080 1278 quod
1124 1216 1209 1262 ubi
1245 1217 1430 1263 factum

83 1311 178 1352 est,
217 1298 404 1345 ibidem
448 1300 549 1364 igni
596 1298 814 1346 subiecto
859 1315 1004 1361 quam
1048 1301 1263 1362 plurimo
1311 1302 1432 1346 cale-

84 1380 189 1427 fieri
225 1399 300 1428 eas
337 1395 384 1428 et
417 1383 564 1447 igniri
598 1382 818 1428 festinat:
865 1395 1095 1445 erantque
1132 1401 1212 1429 eae
1248 1397 1433 1429 statuae

79 1478 192 1526 post
226 1467 406 1527 primas
441 1467 564 1511 acies
600 1478 647 1510 et
668 1466 861 1512 ordines
892 1456 1032 1520 sitae,
1071 1478 1215 1528 atque
1237 1468 1303 1512 ita
1324 1479 1435 1514 ante

84 1546 205 1594 belli
243 1562 432 1610 ternpus
470 1548 688 1594 hostibus
722 1550 1012 1595 invisitatae.
1058 1551 1321 1598 Enimvero
1346 1549 1436 1595 ubi

85 1633 220 1696 signa
256 1632 429 1677 bellica
466 1649 718 1694 crepuere,
755 1632 1001 1694 primique
1035 1651 1294 1681 concursus
1331 1650 1436 1696 par·

86 1716 216 1759 tium
253 1715 595 1777 sperabantur,
641 1717 751 1762 Indi
792 1716 986 1762 barbari
1029 1716 1153 1763 feras
1198 1717 1305 1762 illas
1358 1716 1437 1762 be-

87 1798 200 1842 stias
237 1815 323 1859 per
361 1816 410 1843 se
457 1801 527 1844 ire
572 1799 854 1853 dimittunt,
907 1801 976 1845 ita
1019 1799 1205 1845 scilicet
1246 1798 1436 1853 doctas,

85 1892 142 1925 ut
177 1897 289 1926 cum
324 1882 542 1943 primum
577 1882 626 1926 in
663 1882 885 1929 adversos
931 1882 1303 1936 involavissent‚
1351 1883 1440 1927 cir-

87 1980 237 2026 caque
272 1981 353 2011 eos
386 1965 675 2027 proeliaturi
710 1967 870 2012 hostes
909 1978 1276 2027 occuparentur,
1313 1966 1441 2010 nihil

89 2047 220 2093 Indis
255 2049 703 2109 supervenientibus
738 2066 905 2096 morae
939 2048 1098 2102 fieret,
1137 2049 1253 2111 quin
1288 2048 1441 2094 libera

88 2131 333 2177 iaculandi
378 2134 529 2179 hostis
580 2133 951 2195 trucidandique
998 2131 1198 2178 facultas
1240 2142 1442 2194 pateret.

91 2213 149 2258 Id
181 2213 265 2259 ubi
300 2213 486 2261 factum
521 2228 615 2269 est,
659 2216 910 2277 praedocti
946 2215 1279 2262 Macedonum
1317 2214 1445 2261 ordi·

91 2314 175 2343 nes
210 2299 359 2359 primi
393 2300 647 2359 paululum
681 2298 740 2344 de
777 2301 885 2346 loco
923 2316 1020 2360 quo
1067 2299 1343 2344 institerant
1376 2314 1447 2343 re-

97 2380 350 2444 pedantes,
411 2382 584 2446 ignitas
643 2395 819 2428 statuas
874 2381 1233 2427 incursantibus
1281 2379 1445 2425 bestiis

97 2463 326 2527 produnt.
373 2468 500 2528 Quas
535 2483 646 2512 cum
681 2467 800 2513 falsa
835 2464 960 2512 facie
994 2466 1130 2511 velut
1164 2465 1312 2509 etiam
1338 2477 1447 2509 can-

1078 2555 1186 2600 15*
