1752 3116
142 1373 251 1405 Porus
275 1384 339 1406 ex-

128 1428 316 1474 tinguitur.

340 160 421 199 230
715 156 1069 199 ALEXANDRI
1099 157 1301 207 omrvs

339 270 546 317 minime
597 270 1054 331 aspernaturum<¹³.
1108 269 1164 315 Id
1206 269 1438 316 barbarus
1483 271 1578 317 sibi
1624 271 1683 315 li-

339 354 476 400 benti
512 353 624 399 satis
661 351 828 398 offerri
864 352 1142 414 profitetur,
1179 353 1539 416 adquiescitque
1570 370 1684 399 con-

343 437 531 482 ditione
576 451 717 497 quam
755 436 1020 482 Alexander
1061 436 1261 482 fecerat:
1321 436 1506 481 scilicet
1549 435 1686 482 aesti-

343 519 547 567 mationi
586 517 833 586 barbarica
870 519 928 564 de
957 516 1104 566 modo
1130 536 1392 581 corporum
1412 509 1688 566 mensuram

344 604 528 650 virium
561 602 789 655 metiens,
840 618 953 647 cum
988 619 1036 648 se
1074 602 1437 665 proceritudine
1472 602 1689 664 corporis

347 698 396 733 et
431 697 586 731 cetera
621 683 970 748 magnitudinis
1005 687 1320 750 congruentia
1345 687 1489 749 longe
1516 685 1692 730 distare

347 768 408 815 ab
445 768 704 831 exiguitate
747 767 1005 814 Alexandri
1050 769 1353 831 pervideret,
1402 771 1505 831 ipse
1550 769 1692 831 quin·
1741 770 1744 775 '

349 869 444 915 que
488 851 643 896 ferme
703 849 878 896 cubitis
925 856 1158 906 evectior,
1206 871 1320 900 cum
1368 851 1696 900 Alexandrum

351 936 436 998 qui
473 934 730 994 visitavere
764 935 846 979 vix
880 935 1034 982 tribus
1080 935 1257 984 cubitis
1299 935 1697 983 numeravissent.

450 1021 577 1064 XIII.
623 1021 727 1063 Hac
771 1019 920 1083 igitur
964 1020 1265 1083 arrogantiae
1314 1037 1398 1083 spe
1443 1035 1555 1065 cum
1596 1016 1697 1061 dies

351 1102 532 1164 pariter
568 1113 615 1146 et
649 1102 784 1147 locus
819 1102 1007 1162 proelio
1053 1104 1348 1148 constitisset
1371 1101 1421 1134 (²)
1469 1100 1701 1161 fieretque

352 1201 514 1246 pugna
545 1185 740 1247 regalis,
778 1184 1005 1245 primitus
1043 1184 1241 1246 quidem
1277 1201 1450 1247 anceps
1485 1183 1570 1229 diu
1604 1181 1704 1228 for·

354 1279 471 1313 tuna
508 1266 802 1313 bellantibus
836 1266 1114 1323 videbatur,
1164 1285 1264 1314 non
1300 1268 1460 1314 minus
1502 1268 1705 1315 Alexan-

355 1350 442 1397 dro
479 1362 671 1413 tempus
707 1350 984 1397 incursandi
1018 1352 1248 1406 rimante,
1300 1369 1446 1415 quam
1480 1355 1606 1398 Poro
1633 1351 1705 1396 lo-

357 1450 471 1480 cum
504 1434 718 1480 vulneris
756 1434 1040 1481 declinante.
1110 1435 1200 1481 Sed
1253 1452 1366 1482 cum
1408 1435 1535 1481 forte
1579 1432 1708 1496 apud

358 1517 504 1565 Indos
551 1534 608 1562 ex
663 1517 873 1579 quadam
929 1519 1180 1579 repentina
1227 1519 1546 1565 conversione
1591 1517 1705 1564 Pori

362 1601 589 1663 strepitus
625 1613 673 1646 et
708 1601 1031 1647 conclamatio
1070 1602 1326 1654 extitisset,
1362 1603 1706 1663 avertissetque

363 1701 415 1730 os
453 1701 548 1745 quo
585 1700 777 1729 causam
811 1688 960 1730 Porus
1002 1685 1136 1730 illius
1172 1685 1401 1746 strepitus
1456 1684 1707 1748 cognovis-

362 1779 456 1819 set,
495 1767 682 1811 involat
712 1767 984 1813 Alexander
1029 1779 1172 1829 atque
1219 1769 1320 1813 eius
1363 1768 1562 1832 inguina
1608 1767 1707 1813 telo

364 1849 652 1895 00111i11us(‘¹)
690 1850 928 1914 transfigit
963 1869 1173 1914 eumque
1207 1852 1485 1912 prosternit.
1510 1855 1613 1897 Hac
1637 1851 1709 1895 in-

398 2043 454 2075 (a)
479 2042 560 2072 God.
588 2045 709 2074 minus.

426 2197 485 2242 (1)
517 2200 654 2243 Nempe
684 2197 939 2232 §lexandrunh

429 2252 488 2302 (2)
523 2255 609 2290 Cod.
641 2257 876 2297 constetisset,
908 2269 992 2290 mox
1015 2256 1401 2289 factum'consaeilisszw.
1441 2257 1513 2288 Iam
1548 2265 1583 2289 et
1615 2255 1709 2300 apud

373 2314 593 2347 Frontonem
618 2312 661 2343 ll&
683 2313 776 2357 Nep.
805 2326 872 2344 am.
910 2314 950 2346 vd
976 2313 1121 2345 mediol.
1148 2326 1180 2357 p,
1219 2319 1292 2346 20⁴.
1325 2313 1456 2357 legitur
1483 2314 1710 2354 consteterit,

375 2370 469 2415 quod
493 2369 634 2416 quidem
659 2370 820 2403 nonnulli
849 2371 942 2404 haud
980 2372 1127 2403 sortasse
1162 2371 1311 2401 absus-l«-
1349 2370 1519 2403 malebant
1558 2371 1709 2402 s‹-1-ib‹›re

375 2435 534 2469 constet,
565 2427 655 2462 erit:
696 2426 757 2458 sed
796 2435 908 2459 tamon
952 2437 983 2460 et
1020 2428 1053 2460 iu
1087 2427 1207 2459 codice
1248 2427 1475 2459 l’v-oinouiamn)
1509 2426 1713 2472 i11{‹·1·1u¹ngi

376 2484 518 2515 vido-rur
544 2491 620 2527 post
647 2484 871 2524 consternit,
902 2493 935 2517 vt
954 2485 1051 2530 prior
1081 2486 1119 2517 Ἰ·
1148 2483 1281 2516 Valerii
1314 2484 1484 2529 scriptura
1516 2496 1588 2516 rem
1622 2495 1711 2528 quo·

377 2540 569 2573 dammodo
594 2540 789 2572 confirmat.
