1732 3121
160 274 293 305 Narra-

85 336 90 358 !
128 341 140 360 c
207 328 294 361 Ale-

314 155 393 194 278
681 153 1034 196 ALEXANDRI
1065 155 1268 195 OBITVS

408 270 621 321 LXXXI,
679 268 958 323 „Profectus
1013 270 1193 331 quippe
1253 269 1313 314 ad
1358 267 1659 328 Babylonem

86 367 437 417 .l.=u‹11*iiter»u¹¹a
474 368 585 398 cum
623 353 698 398 his
735 369 855 414 quos
889 352 1041 415 magis
1077 363 1297 397 strenuos
1342 351 1394 396 in
1443 351 1657 396 exercitu

84 442 128 474 ad
157 435 609 492 Hercu-„habebam,
647 453 771 499 quae
805 436 1003 498 quidem
1052 435 1256 481 collecta
1305 426 1419 479 sunt
1465 444 1660 478 centum

82 498 127 531 lis
156 499 295 533 colum-

83 566 155 591 nas.

312 519 504 574 „milia‚
560 520 613 565 in
656 519 887 566 ulteriora
932 520 1192 584 regionum
1234 515 1448 571 intendi,
1499 531 1664 577 perve-
1731 563 1732 568 ¹

317 604 499 665 „nique
531 619 684 665 usque
720 603 778 649 ad
813 603 1036 649 Herculis
1070 602 1214 648 stelas
1247 619 1348 649 non
1383 600 1546 647 minus
1585 598 1665 646 iti·

315 704 461 742 „nere
494 686 703 732 'dierum
723 686 777 719 (a)
826 685 981 732 ferme
1034 686 1300 750 nonaginta
1352 685 1567 747 quinque
1585 681 1667 734 (ι),

316 770 477 826 „fama
514 769 572 816 de
607 770 817 816 Hercule
851 769 920 815 sic
956 770 1189 832 loquente
1225 768 1358 831 quod
1394 769 1535 812 hasce
1567 781 1666 811 me-
1708 799 1711 803 -

317 866 418 908 >‚tas
453 853 856 917 peregrinationis
902 869 1012 898 suae
1062 852 1220 898 fixerit
1265 856 1397 898 Deus
1443 851 1531 896 ille
1585 849 1670 911 qui

316 966 337 991 ‚‚
350 947 398 981 et
435 935 550 982 duas
589 936 757 990 stelas,
794 936 846 981 id
881 948 954 983 est
983 936 1157 983 titulos
1203 935 1275 981 sui
1306 933 1545 997 quosdam
1579 931 1673 977 ibi-

316 1018 463 1074 „dem
497 1019 784 1081 dereliquit,
829 1035 1042 1081 quorum
1087 1035 1212 1064 unus
1256 1035 1314 1064 ex
1364 1033 1505 1071 auro,
1550 1015 1673 1060 alter

317 1120 460 1156 „vero
525 1114 775 1166 argenteus
828 1100 1076 1147 habeatur.
1146 1100 1238 1147 Sed
1281 1099 1415 1146 enirn
1459 1097 1672 1144 altitudo

317 1215 338 1238 ,‚
352 1202 524 1231 eorum
561 1197 632 1229 est
665 1186 929 1231 titulorum
964 1182 1140 1229 cubitis
1175 1183 1331 1228 ferme
1366 1180 1672 1245 quindecim,

318 1267 618 1323 „crassitudo
656 1284 773 1313 vero
809 1267 861 1312 in
903 1265 1080 1312 cubitis
1126 1265 1330 1315 duobus.
1389 1270 1528 1312 Hanc
1571 1281 1676 1310 mo-

318 1353 452 1407 „lem
491 1352 681 1397 metalli
718 1350 955 1413 quoniam
1002 1367 1101 1397 non
1145 1349 1289 1396 facile
1333 1362 1436 1397 erat
1481 1348 1676 1396 credere

322 1435 518 1490 „solido
555 1451 670 1481 auro
693 1430 740 1467 (ὅ)
776 1451 902 1488 esse,
938 1434 1217 1497 periculum
1252 1435 1355 1480 eius
1402 1434 1473 1479 rei
1517 1432 1677 1480 facere

321 1537 450 1575 „non
499 1519 645 1566 omisi
667 1519 728 1571 (⁰),
800 1523 957 1581 Quare
1003 1531 1222 1564 moratus
1267 1517 1455 1564 ibidem
1510 1516 1678 1562 diebus

323 1591 633 1664 „aliquande
665 1601 928 1648 reficiendo
974 1603 1161 1648 scilicet
1204 1604 1390 1657 milite,
1444 1598 1678 1648 sacrifica-

323 1698 529 1747 „tusque
566 1690 672 1731 Deo
709 1687 942 1740 Herculi,
980 1688 1181 1733 titulum
1203 1688 1350 1732 illum
1369 1701 1571 1731 aureum
1586 1701 1677 1747 qua

325 1769 499 1831 „potui
534 1769 736 1814 rimatus
771 1786 879 1815 sum
913 1769 1159 1816 foramine
1192 1788 1279 1832 per
1315 1785 1515 1816 omnem
1558 1785 1678 1816 cras-

326 1851 622 1911 >‚situdinem
677 1850 954 1907 elaborato,
1013 1871 1169 1916 neque
1219 1853 1489 1900 claudicare
1529 1852 1681 1903 fidem

330 1935 688 1991 „crassitudinis
725 1936 827 1982 eius
861 1937 1042 1983 inveni.
1079 1937 1171 1984 Sed
1206 1954 1317 1984 cum
1354 1953 1610 1984 cavernam
1626 1938 1685 1984 il-

331 2022 459 2074 „lam
496 2019 680 2080 replere
717 2020 998 2084 religiosum
1037 2022 1160 2067 mihi
1194 2021 1456 2075 videretur,
1493 2021 1554 2068 ad
1574 2039 1685 2085 sup-

335 2105 674 2165 „plementum
710 2103 812 2149 eius
849 2104 1126 2169 quingentis
1170 2106 1275 2151 auri
1319 2105 1517 2153 talentis
1564 2123 1687 2170 opus

336 2185 544 2241 „fuit<2>.

373 2321 425 2351 (a)
447 2321 527 2349 cod.
557 2321 608 2350 ad
631 2321 788 2351 Herculis
810 2320 929 2350 stellas
946 2332 1009 2350 non
1024 2326 1135 2355 minus
1155 2328 1276 2356 iterum
1288 2324 1423 2356 cherum
1445 2333 1512 2354 etc.
1535 2323 1582 2359 (b)
1600 2324 1682 2355 cod.

332 2368 434 2398 solidi
455 2380 550 2398 auro.
601 2373 644 2404 (c)
669 2372 754 2400 cod.
780 2373 923 2401 ommisi.

394 2474 456 2525 (1)
488 2480 620 2513 Recolo
643 2482 806 2514 llinefflr.
832 2494 932 2528 capp.
958 2493 1053 2517 cxr'x·
1075 2495 1237 2518 —cxx.
1267 2497 1347 2518 cum
1372 2484 1476 2517 notis.

395 2530 456 2582 (2)
488 2537 612 2583 Longe
636 2539 854 2573 moderatius
878 2548 912 2572 et
936 2542 1052 2575 vorin<
1079 2542 1112 2574 in
1135 2542 1298 2576 Itium-ar.
1322 2554 1396 2588 cap.
1422 2550 1517 2575 cxx.
