1752 3116
540 218 641 258 SEV
671 217 845 258 LIBER
873 217 906 256 1.
1312 221 1360 256 15
1370 224 1385 254 t

43 332 276 386 „sterium
309 332 668 395 procurabitur,
727 331 842 393 quid
884 330 1064 376 virium
1099 331 1163 376 sit
1196 331 1245 374 in
1283 333 1389 374 Ma-

40 414 314 469 „cedonum
350 415 554 463 dexteris
589 432 642 461 ac
676 414 978 460 fortitudine.
1049 415 1223 475 Neque
1259 413 1388 457 enim

44 514 160 551 >‚vos
194 498 383 544 iuvabit
419 500 568 545 oracli
603 499 738 546 illius
772 498 986 549 iactatio,
1047 497 1389 561 Transgrediar

43 582 206 634 „enirn
243 582 481 644 oppidum
508 593 723 628 vestrum
759 582 840 627 sed
866 581 1084 626 dirutum
1119 592 1264 642 atque
1297 578 1389 623 dis-

40 663 266 716 ,‚iectum.
336 666 504 711 Valete
546 665 588 711 si
621 666 812 728 sapitis:
862 682 962 712 non
998 666 1131 712 enim
1165 663 1386 711 valebitis

38 776 58 800 ‚‚
71 748 109 792 si
142 749 504 809 perseveratis«.

139 834 262 877 XLI.
308 832 397 877 His
441 832 620 878 litteris
664 833 796 879 lectis
842 832 960 894 tyrii
993 834 1227 895 primates
1262 832 1386 895 lega·
1471 844 1591 885 'syrus

40 923 117 959 tos
152 915 376 976 protinus
411 916 590 977 corripi
625 914 820 970 iubent,
857 917 1020 978 eisque
1044 917 1262 963 multatis
1282 907 1554 977 per-*eapuun

34 1009 156 1060 gunt
211 999 399 1062 exigere
448 1000 730 1055 tormentis,
799 1001 1021 1062 quisnam
1070 1017 1239 1047 eorum
1285 999 1389 1060 ipse

36 1081 309 1126 Alexander
342 1081 484 1134 foret,
554 1082 646 1129 Sed
681 1084 740 1129 de
774 1085 890 1137 hoc,
935 1097 990 1130 ut
1023 1103 1097 1131 res
1133 1095 1257 1138 erat,
1307 1099 1388 1127 ne-

37 1164 245 1226 gitantes
283 1165 505 1212 crucibus
541 1166 762 1217 adfixere,
822 1167 911 1212 His
947 1167 1096 1231 igitur
1129 1167 1388 1214 incentivis

36 1247 354 1295 extimulatus
379 1250 646 1296 Alexander
674 1250 1001 1311 irruptionem
1029 1252 1198 1313 oppidi
1235 1251 1387 1296 acrius

35 1329 273 1393 agitabat,
318 1345 366 1377 et
411 1351 571 1380 rursus
616 1335 668 1379 in
716 1334 907 1379 somnio
946 1338 1170 1380 Saturum
1192 1335 1242 1366 (¹)
1277 1351 1389 1380 con-

34 1413 248 1474 spicatur
270 1431 423 1461 assem
446 1416 541 1462 sibi
566 1421 752 1478 Tyrum
774 1415 823 1448 (²)
857 1418 1188 1481 porrigentem
1204 1450 1214 1470 ‚
1259 1434 1386 1461 eum-

37 1513 130 1558 que
165 1500 438 1560 proiectum
481 1517 582 1546 sese
625 1499 832 1562 pedibus
876 1500 1173 1560 protrivisse.
1246 1499 1386 1562 Quod

33 1581 378 1644 interpretibus
433 1582 564 1629 haud
617 1582 819 1628 difficile
863 1583 915 1627 in
968 1583 1222 1629 enodando
1278 1583 1385 1628 fuit.

32 1667 227 1724 Tyrum
263 1669 396 1713 enirn
430 1667 617 1728 proteri
661 1684 780 1713 mox
813 1665 1018 1728 pedibus
1055 1666 1234 1714 haberiv
1256 1666 1387 1728 prin--

35 1748 156 1809 cipis
203 1750 508 1812 respondere.
578 1755 652 1795 Ex
699 1766 794 1812 quo
840 1750 941 1795 sive
982 1750 1237 1796 admonitu
1287 1750 1388 1794 sive

34 1830 221 1892 impetu
258 1851 342 1879 suo
391 1833 635 1897 adgressus
671 1833 908 1895 oppidum
944 1833 1278 1880 vehementius
1314 1850 1387 1877 ca—

34 1914 108 1975 pit
142 1916 322 1976 pariter
359 1933 412 1962 ac
447 1928 624 1970 vastat,
670 1917 925 1962 indiscrete
943 1917 995 1949 (α)
1032 1917 1144 1963 satis
1179 1915 1388 1963 sexubus

75 2105 127 2138 (a)
153 2105 235 2134 cod.
261 2105 462 2135 indiscreta.

93 2255 151 2300 (1)
171 2258 322 2307 ‘Nempe
353 2258 528 2306 Satyrum
551 2259 604 2292 uti
638 2267 689 2292 est
720 2260 815 2305 apud
841 2262 1019 2293 Zonaram
1049 2266 1085 2292 et
1111 2256 1312 2293 cedrenum
1344 2255 1389 2286 ad

35 2313 128 2346 hunc
158 2313 329 2346 historiae
364 2316 494 2348 locum.

96 2368 152 2414 (2)
185 2370 340 2403 Videtur
360 2372 586 2405 scribendum
614 2384 737 2417 graece
758 2376 874 2421 τυροῦ.
919 2373 985 2405 Est
1009 2370 1104 2403 enim
1128 2371 1225 2404 lusus
1254 2371 1288 2402 in
1307 2380 1388 2400 ver-

36 2425 103 2466 bo,
135 2426 229 2471 quod
249 2435 346 2472 patet
367 2441 411 2462 ex
434 2440 558 2473 graeco
581 2429 702 2462 codice
729 2430 841 2462 ambr.
864 2429 899 2462 in
927 2440 998 2475 quo
1023 2427 1190 2460 scribitur
1216 2424 1316 2474 ,πρὸ-,ι
1347 2427 1385 2459 ἐκ.

34 2480 222 2529 γάλακτος.
281 2484 396 2528 Igitur
426 2497 539 2518 assem
573 2489 672 2534 τυςρῦ
708 2485 885 2529 intelligas
919 2484 1013 2518 casei
1051 2482 1171 2517 orbem
1208 2491 1265 2515 aut
1303 2494 1386 2528 seg-

38 2548 201 2573 mentum.
253 2541 370 2574 Aliter
390 2542 452 2574 sed
480 2555 551 2574 non
582 2542 765 2575 venustius
792 2541 920 2574 ludunt
953 2540 1132 2575 Cedrenus
1165 2548 1198 2572 et
1230 2542 1386 2573 zonara<

36 2597 130 2639 apud
153 2609 240 2643 quos
270 2597 390 2641 Satyri
412 2598 529 2632 visum
559 2598 733 2644 siguificat
759 2599 965 2633 Alexandro
989 2594 1034 2633 σὺ,
1059 2595 1168 2645 Τῦςσς
1194 2598 1299 2631 ἔσται.
