1732 3121
350 264 429 303 276
718 255 1072 300 ALEXANDRI
1102 257 1234 298 OBIT
1240 259 1304 298 VS

347 387 428 421 tur
448 373 513 420 (¹).
557 374 645 420 His
682 359 832 437 igitur
875 356 1119 433 conpertis
1161 369 1430 417 Alexander
1475 372 1691 421 limitem

349 456 680 504 huiuscemodi
715 455 814 502 loci
847 455 1027 501 sensim
1065 455 1222 519 legens
1258 454 1476 500 civitates
1498 455 1550 487 (α)
1587 457 1690 502 eius

348 541 575 588 invadere
610 556 662 585 ac
699 538 877 584 ditioni
910 554 1024 584 suae
1056 536 1312 583 vendicare
1346 553 1446 583 non
1468 538 1688 603 negligit,

349 637 398 671 et
431 622 662 671 sacrificia
697 623 803 670 Diis
838 619 1183 670 inmortalibus
1216 620 1350 667 facit.

137 784 332 847 ,Aris-mte-
447 779 659 824 LXXIX.
707 780 838 840 Quae
886 791 999 821 cum
1041 775 1254 820 maxime
1297 782 1690 835 persequeretur,

117 842 330 932 ἑξὲἰὲῗζὲῗ
347 858 406 905 ab
441 861 700 907 Aristotele
735 860 991 923 epistolam
1026 858 1177 904 sumit
1210 857 1441 919 scriptam
1474 857 1527 901 in
1562 855 1694 899 hunc

117 954 232 989 drum.
346 942 563 989 modum.
605 973 624 997 ‚‚
636 947 726 988 Per
758 942 883 989 mihi
918 941 1120 987 difficile
1155 954 1226 987 est
1259 942 1438 1006 eligere
1471 940 1551 985 vel
1592 939 1696 984 lau-

347 1025 512 1081 ,>dare,
549 1026 818 1073 Alexander
851 1026 947 1080 mi,
985 1043 1042 1070 ex
1078 1025 1205 1071 hisce
1228 1023 1459 1071 omnibus
1489 1021 1693 1086 aliquid,

347 1125 502 1171 „quae
547 1121 596 1155 te
641 1110 693 1153 in
747 1110 840 1154 ista
896 1109 1075 1154 militia
1127 1107 1324 1172 gessisse
1379 1107 1589 1171 cognovi
1614 1106 1692 1152 (²³2

345 1209 584 1254 „eamque
618 1192 742 1237 mihi
777 1207 877 1236 esse
912 1191 1204 1236 sententiam
1238 1194 1408 1236 Iovem
1428 1200 1603 1235 testem
1625 1189 1694 1235 fa-

343 1277 452 1330 „cio
488 1280 882 1337 Neptunumque.
929 1279 1086 1337 Quare
1119 1273 1227 1319 Diis
1261 1272 1479 1334 primum
1513 1273 1697 1319 inmor-

339 1344 362 1415 ζ)
373 1359 550 1406 talibus
586 1357 878 1419 Deabusque
901 1375 989 1423 ago
1011 1357 1185 1422 gratias
1207 1367 1533 1417 conpetentes‚
1561 1355 1695 1418 quod

342 1473 361 1497 »
375 1459 571 1490 emenso
608 1440 703 1486 tibi
737 1442 877 1487 hasce
923 1440 1132 1503 periculi
1177 1436 1490 1486 difficultates
1536 1451 1695 1504 gratu-

341 1527 666 1581 „Jtulationem
689 1525 850 1586 potius
873 1540 1019 1585 quam
1048 1523 1278 1569 solatium
1297 1523 1472 1570 scribo.
1501 1524 1695 1587 Quippe

341 1626 520 1671 >‚quem
568 1607 718 1652 sciam
762 1623 864 1653 non
911 1606 1157 1659 bellorum
1203 1606 1355 1653 modo
1411 1606 1692 1653 discrimina

341 1722 359 1745 „
371 1691 596 1744 evasisse,
633 1706 804 1736 verum
839 1701 1118 1750 temporum
1160 1705 1357 1750 quoque
1393 1701 1441 1735 et
1459 1691 1582 1735 caeli
1603 1689 1696 1735 dif-

342 1772 667 1830 „ficultatibus
712 1789 811 1818 non
858 1771 1063 1817 cessisse.
1121 1775 1193 1816 Ex
1236 1771 1412 1833 quibus
1465 1773 1696 1838 colligere

341 1856 641 1912 „admodum
674 1854 818 1901 facile
852 1872 951 1900 esse
985 1852 1331 1918 ambigendum
1366 1867 1533 1902 utrum
1557 1874 1619 1902 ne
1644 1869 1692 1903 te

340 1940 660 2003 „prudentiae
703 1937 890 1984 viribus
926 1953 986 1981 an
1031 1937 1319 1983 tolerantiae
1362 1938 1694 1987 fortitudinis·

341 2042 462 2087 „que
497 2023 649 2087 magis
683 2018 995 2083 praedicem?
1039 2025 1177 2067 Certe
1210 2019 1334 2066 illud
1362 2020 1456 2067 tibi
1477 2022 1579 2068 iam
1603 2024 1690 2070 ho·

381 2204 432 2236 (a)
458 2200 540 2231 cod.
565 2200 721 2230 civitatis.

398 2349 460 2400 (1)
490 2350 628 2387 Plinius
648 2361 698 2384 VI·
731 2359 817 2386 sect,
851 2358 906 2386 22.
942 2353 1015 2386 ait:
1060 2352 1265 2396 Prasiorum
1299 2353 1376 2399 regi
1408 2350 1568 2398 peditum
1601 2361 1692 2384 sex-

340 2419 443 2443 centa
467 2408 590 2449 milia,
629 2409 780 2454 equitum
812 2410 961 2455 triginta
982 2406 983 2409 ¹
1001 2408 1127 2452 milia,
1168 2409 1438 2455 elephantorum
1468 2419 1591 2441 novem
1623 2407 1690 2439 mi-

339 2465 390 2499 liu
433 2479 498 2512 per
549 2477 666 2498 omnes
707 2464 784 2497 «lies
835 2466 1119 2512 stipendiantur.-
1174 2466 1266 2499 uncle
1318 2466 1526 2499 coniectatio
1565 2465 1689 2510 ingens

337 2536 444 2569 opum
474 2532 536 2555 est.

395 2576 455 2627 (2)
489 2579 606 2613 Simili
626 2580 774 2612 exordio
804 2579 916 2612 utitur
943 2580 1091 2625 epistola
1112 2593 1236 2627 graeca
1274 2578 1478 2615 Aristotelis
1519 2575 1564 2611 ad
1598 2576 1687 2611 Ale-

337 2637 514 2670 xandrum
542 2636 633 2682 apud
664 2637 850 2669 cuiacium
873 2649 906 2682 p.
930 2643 1003 2671 314.
