1752 3116
361 197 438 231 170
742 188 1098 229 ALEXANDRI
1129 189 1311 229 ORTVS

357 304 465 349 lites
502 314 552 349 et
585 303 757 349 urbem
791 303 929 348 illam
964 302 1068 367 igni
1102 314 1289 349 vastare
1327 301 1593 347 mandavit.
1619 300 1710 346 Sed

353 387 598 451 legatione
637 385 896 435 Abderitae
932 385 1130 439 docent,
1169 403 1270 432 sese
1293 384 1421 431 illud
1454 401 1556 431 non
1593 382 1708 429 odio

354 482 700 532 contemptuve
733 470 893 536 graeci
926 469 1050 534 regis
1085 469 1286 531 eiusque
1320 468 1578 515 iustissimi
1613 466 1710 511 fac-

355 555 531 607 titare3
569 555 703 600 enim
736 540 953 600 metuere
987 554 1230 615 impetum
1264 551 1587 598 barbarorum
1605 567 1710 596 mo-

355 649 530 699 tusque
573 637 711 683 Darii
750 637 1156 683 inconsultiores:
1215 637 1295 682 cui
1339 635 1380 681 si
1423 645 1539 697 post
1581 648 1709 679 mea-

353 734 430 767 tus
449 722 501 754 (α)
541 720 727 783 aliquid
763 721 813 766 in
862 737 963 766 sese
996 720 1225 766 relictum
1259 719 1412 773 foret,
1460 733 1562 765 non
1606 715 1710 763 abs-

352 822 448 866 que·
482 821 640 865 poena
678 803 967 852 Abderitum
1000 802 1155 856 foret,
1202 802 1336 865 quod
1381 800 1710 849 Alexandrum

350 889 404 933 ‘in
441 889 713 934 amicitiam
760 901 926 935 contra
963 893 1131 934 Persae
1169 886 1429 934 commoda
1475 896 1711 947 receptas-

351 984 474 1018 sent.
524 973 677 1037 Igitur
714 989 903 1019 reverso
940 972 1056 1025 tibi,
1094 972 1262 1025 aiunt,
1309 983 1359 1018 et
1402 969 1583 1017 victori
1628 984 1710 1030 pa·

350 1054 585 1102 rebimus.
634 1055 708 1102 Ad
742 1057 860 1101 haec
895 1073 979 1101 rex
1010 1056 1156 1100 illum
1204 1070 1352 1117 quem
1399 1055 1712 1116 conceperint

350 1138 413 1185 de
450 1127 601 1186 Dario
638 1152 824 1186 metum
861 1138 1051 1185 abicere
1085 1139 1325 1201 supplices
1351 1139 1508 1192 iubet,
1552 1153 1709 1199 neque

349 1223 560 1268 ulterius
597 1223 698 1269 eius
733 1224 838 1269 vim
883 1235 1029 1285 atque
1061 1222 1391 1284 inpotentiam
1426 1220 1707 1268 formidare.

349 1309 454 1352 Nec
501 1318 666 1353 tamen
720 1325 771 1356 se
826 1308 976 1360 velle,
1022 1306 1297 1369 respondit,
1344 1306 1517 1352 urbem
1561 1312 1739 1368 quam'

349 1389 766 1438 confidentissime
800 1403 1034 1438 reserent:
1084 1408 1132 1437 se
1176 1391 1229 1435 in
1272 1391 1515 1453 praesenti
1568 1388 1709 1450 oppi-

347 1472 468 1520 dum
521 1474 654 1519 haud
705 1475 1059 1539 ingressurum:
1096 1475 1251 1520 ‘enim
1287 1491 1401 1521 cum
1446 1490 1706 1526 revenere,

345 1557 533 1620 inquit,
571 1575 671 1604 non
707 1561 880 1619 hospes
924 1557 1064 1604 vobis
1109 1557 1191 1603 sed
1229 1559 1412 1604 amicus
1445 1574 1549 1604 ero.
1618 1556 1708 1603 His

343 1639 487 1687 dictis
521 1643 615 1688 iter
664 1643 724 1688 ad
771 1645 1017 1688 Euxinum
1063 1641 1246 1695 tendit,
1296 1658 1565 1704 omnesque
1613 1638 1709 1686 sibi

344 1724 492 1771 urbes
529 1727 633 1772 eius
668 1727 829 1772 litoris
863 1726 1104 1773 vendicat.

157 1815 327 1879 Alexan.-
445 1813 568 1856 LXI.
620 1809 846 1871 Equestri
882 1809 1090 1872 denique
1121 1814 1353 1871 Neptuno
1373 1805 1710 1869 sollempniter

105 1872 163 1962 {³¹0¹
178 1874 328 1964 3Ἶᾷἒῖ
345 1907 572 1957 operatus
610 1894 670 1939 ad
704 1894 948 1940 Maeotim
971 1894 1020 1927 (ι)
1056 1893 1288 1957 paludem
1323 1891 1460 1938 venit
1489 1906 1708 1954 asperam

106 1987 198 2075 Etim
225 1988 328 2032 palu·
344 1979 458 2025 satis
496 1990 544 2024 et
578 1977 867 2024 inviabilem
902 1994 1018 2040 prae
1053 1980 1225 2043 rigore.
1288 1981 1421 2041 Quae
1467 1975 1594 2021 circa
1630 1991 1708 2021 oc·

133 2056 201 2079 em·

343 2074 545 2123 cupatus
580 2061 807 2108 omnibus
844 2061 975 2107 hisce
1012 2061 1235 2108 deficitur
1282 2077 1405 2122 quae
1441 2059 1500 2105 ad
1536 2059 1707 2104 alimo-

340 2146 477 2191 niam
514 2147 840 2208 requiruntur.
890 2145 1047 2210 Igitur
1083 2144 1216 2191 fame
1252 2144 1455 2192 obsessis
1482 2144 1550 2188 ita
1572 2159 1708 2204 prae-

371 2314 429 2347 (a)
456 2313 538 2343 eod.
563 2315 708 2343 inmens.

398 2452 459 2498 (1)
492 2453 579 2488 eod.
606 2454 685 2488 heic
722 2464 755 2488 et
786 2455 909 2490 Itiner.
945 2468 1021 2501 cap.
1044 2465 1130 2489 ΧΠ.
1166 2456 1242 2488 sine
1272 2455 1496 2501 diphthongo
1531 2456 1703 2490 Meoeim.

339 2510 428 2544 Ideo
465 2511 616 2546 sortasse
647 2513 763 2547 brevis
801 2514 939 2557 syllaba
971 2513 1086 2561 prima
1128 2513 1220 2560 apud
1264 2513 1440 2548 Ovidium
1484 2513 1592 2549 Trist.
1633 2516 1700 2548 ΠΙ,

338 2573 391 2599 12.
426 2580 457 2601 v.
492 2575 508 2601 2
