1752 3116
349 138 428 173 ‘202
740 131 1093 173 ALEXANDRI
1122 133 1305 174 ACTVS

349 247 679 309 „supplicetis,
715 262 815 294 non
850 244 1079 308 improbo
1119 247 1200 292 vel
1234 264 1398 294 serum
1431 247 1691 313 poeniten·-

351 330 430 384 „di
466 331 741 381 consilium.
802 329 894 375 Sed
929 329 1063 374 enim
1118 331 1288 393 utique
1332 348 1418 377 vos
1469 330 1690 391 exempla

349 413 619 466 „ducebant
651 413 852 475 perinde
886 429 1019 458 arma
1053 425 1216 460 nostra
1240 425 1295 459 ut
1327 413 1474 459 Xerxi
1507 413 1693 474 persica
1745 458 1750 461 ,

349 513 519 558 „posse
552 497 777 558 propelli.
828 501 908 543 Sat
941 497 1091 561 igitur
1123 499 1187 542 sit
1229 496 1348 557 quid
1384 495 1442 542 de
1486 507 1693 556 utroque

348 579 625 634 „diversum
658 579 883 626 fortunae
918 579 1209 625 senseritis«.
1256 584 1319 624 Et
1353 596 1467 625 cum
1494 578 1569 623 his
1594 577 1693 623 dic-

346 663 409 708 tis
444 662 673 709 facessere
706 664 928 726 protinus
963 663 1176 708 militem
1211 679 1354 708 suum
1407 661 1467 708 ab
1517 677 1692 725 expug-

345 747 544 792 natione
575 745 708 792 urbis
754 745 1132 805 Lacedaemonis
1178 744 1337 799 iubet,
1385 745 1690 806 liberamque
1740 784 1745 790 .

345 846 453 875 eam
488 841 536 874 et
570 828 632 874 ad
666 828 879 876 formam
913 829 1148 892 pristinae
1194 828 1459 875 maiestatis
1506 825 1693 874 civibus

344 911 511 957 haberi
546 913 802 974 permittit.

110 1006 210 1040 Darii
235 1005 326 1039 deli·
441 999 657 1041 XXVIII.
705 1000 842 1042 Tunc
877 995 1017 1042 rebus
1054 996 1277 1042 Graeciae
1310 995 1378 1041 sic
1406 991 1689 1055 conpositis,

109 1063 319 1098 horationes.
339 1079 412 1124 ire
445 1079 496 1123 in
533 1077 762 1125 barbaros
798 1079 958 1125 tendit
1000 1080 1175 1125 itinere
1219 1096 1306 1141 per
1352 1077 1574 1124 Ciliciam
1616 1091 1692 1121 or-

339 1161 522 1207 dinato.
565 1167 631 1207 At
665 1177 782 1207 vero
818 1162 993 1207 Darius
1029 1163 1279 1208 conductis
1322 1161 1375 1206 in
1421 1176 1577 1206 unum
1622 1175 1692 1204 sa-

337 1244 557 1306 trapibus
593 1244 830 1291 universis
875 1255 924 1290 et
978 1243 1179 1291 ducibus
1228 1243 1445 1290 bellandi
1489 1243 1690 1289 consilia

339 1327 600 1390 quaerebat
644 1327 925 1390 frequenter
966 1327 1236 1375 admodum
1281 1327 1499 1373 recolens
1543 1337 1597 1371 ut
1641 1342 1691 1370 se

337 1411 506 1472 opinio
542 1428 686 1472 super
720 1410 995 1458 Alexandro
1041 1411 1271 1457 frustrata
1307 1410 1452 1456 foret.
1499 1410 1690 1473 Quippe

336 1495 482 1540 illum
517 1495 832 1541 incrementis
867 1494 1071 1540 bellicae
1115 1495 1186 1540 rei
1227 1494 1453 1541 audiebat
1487 1492 1691 1540 cottidie

331 1721 400 1767 ὅξος
433 1717 570 1764 νικήσας
601 1721 785 1763 ναυμαχίᾳ
815 1718 1129 1763 Λακεδαιμσνῐσυς,
1172 1720 1230 1752 καὶ
1260 1720 1420 1759 τειχίσας
1447 1714 1510 1752 τὶν
1537 1719 1689 1766 Πειραιᾶ

332 1779 390 1812 καὶ
415 1774 611 1822 ἑκατᾶμβην
632 1774 762 1815 ἰθύσας,
792 1773 919 1816 πάντας
946 1773 1112 1810 εἱστίασεν
1134 1775 1352 1820 Ἀθηναίους·
1399 1773 1567 1820 Magnus
1596 1773 1688 1806 Ale-

330 1833 474 1867 xander
506 1845 611 1879 quum
633 1830 935 1865 Lacedaemonios
967 1830 1092 1863 navali
1123 1831 1262 1876 proelio
1284 1831 1450 1872 vicisset,
1490 1839 1526 1863 et
1558 1829 1685 1863 Pirae-

330 1903 407 1923 eum
431 1902 528 1922 muro
551 1890 736 1930 cinxisset,
767 1887 1062 1934 hecatombenque
1086 1886 1316 1929 immolasset,
1347 1899 1466 1920 ornnes
1489 1885 1686 1920 Athenien-

328 1959 383 1980 ses
423 1946 584 1979 convivio
631 1945 788 1991 excepit.
854 1947 1082 1990 Quamquam
1123 1945 1232 1978 etiam
1268 1943 1394 1979 Suidas
1430 1943 1683 1977 Alexandrum

332 2003 569 2048 triumphasse
604 2003 646 2034 de
672 2001 965 2036 Lacedaemoniis
989 2001 1061 2042 ait,
1096 2009 1212 2034 tamen
1243 2002 1397 2036 arbitror
1432 2001 1474 2033 ‘I'
1498 2000 1683 2034 Valerium

326 2060 512 2106 Antipatri
535 2059 653 2104 potius
679 2059 863 2092 victoriam
887 2059 930 2091 de
952 2058 1246 2092 Lacedaemoniis
1273 2058 1435 2091 conferre
1463 2056 1622 2089 studiose
1646 2057 1683 2089 in

325 2116 594 2157 Alexandrum,
626 2127 841 2162 quamquam
879 2115 938 2148 hic
971 2128 1012 2147 eo
1041 2123 1200 2159 tempore
1229 2114 1384 2148 asiaticis
1416 2113 1519 2146 bellis
1557 2113 1683 2158 procul

327 2173 475 2207 Graecia
513 2182 757 2217 occuparetur.
806 2172 944 2218 Reapse
971 2171 1178 2206 Alexander
1201 2171 1296 2205 visus
1327 2179 1377 2203 est
1410 2170 1485 2202 eius
1508 2169 1679 2203 victoriae

327 2230 478 2275 gloriam
501 2229 694 2274 Antipatro
727 2228 914 2263 invidere:
956 2240 1063 2274 quare
1097 2228 1289 2274 Antipater
1318 2227 1375 2260 cui
1403 2226 1549 2272 spiritus
1583 2226 1674 2271 rogis

326 2288 436 2332 probe
461 2294 565 2319 notus
590 2296 662 2319 erat
679 2312 688 2327 ,
727 2295 766 2320 ut
787 2286 906 2332 inquit
928 2285 1071 2318 Curtius
1097 2295 1152 2317 vr.
1176 2291 1206 2317 1.
1259 2285 1369 2318 „Non
1395 2292 1446 2316 est
1469 2294 1575 2316 ausus
1599 2284 1677 2329 ipse

325 2357 458 2389 »agere
492 2343 635 2376 arbitria
670 2343 862 2383 victoriae,
902 2342 964 2375 sed
994 2342 1184 2375 concilium
1218 2342 1438 2376 Graecorum
1471 2339 1558 2386 quid
1594 2339 1672 2373 fieri

326 2402 454 2445 „place
535 2401 725 2433 consuluit.
773 2399 805 2433 A
825 2412 896 2446 quo
919 2398 1215 2439 Lacedaemonii,
1247 2399 1337 2431 nihil
1370 2396 1467 2430 alind
1500 2408 1603 2443 quam
1634 2405 1672 2430 ut

259 2473 262 2477 ⁴
324 2407 528 2503 morato*
542 2456 684 2490 mittere
712 2456 756 2489 ad
786 2468 906 2502 regem
938 2456 1061 2488 liceret
1088 2455 1243 2502 precati,
1285 2454 1426 2489 veniam
1461 2452 1671 2488 defectionis

324 2523 494 2560 ‚praeter
520 2521 681 2547 auctores
705 2513 1029 2559 impetraverunt«.
