1752 3116
253 165 330 206 140
632 163 987 205 ALEXANDRI
1017 165 1200 206 ORTVS

249 284 311 324 Et
354 277 427 323 his
471 277 611 324 dictis
658 290 765 324 exta
800 277 1007 323 flammis
1054 295 1112 323 ex
1151 294 1289 324 more
1333 275 1589 325 inferebat.

249 362 513 408 Enimvero
556 362 779 408 involans
820 359 1096 406 invisitatae
1146 361 1496 424 magnitudinis
1541 379 1588 407 a·

250 445 384 509 quila
419 457 526 490 exta
571 444 770 507 quidem
805 460 830 487 e
868 441 1094 489 manibus
1116 439 1377 489 Alexandri
1409 445 1589 507 praeri-

247 527 343 589 pit,
379 540 648 574 transverso
675 527 841 573 volatu
861 542 1006 587 quarn
1030 526 1434 588 tranquillissimo
1471 527 1594 573 aeris

246 610 525 656 intersitum
574 610 786 673 spatium
836 618 1051 664 [secans]
1109 619 1159 654 et
1204 609 1344 655 alteri
1398 610 1594 656 cuidam

247 708 354 737 arae
395 694 566 754 procul
613 705 720 740 exta
767 707 890 752 quae
923 691 1255 753 praeripuerat
1296 693 1618 756 superponin

246 779 402 837 Quem
436 775 647 837 depositi
682 777 850 821 locum
886 790 997 818 cum
1030 774 1231 835 quidam
1267 792 1293 820 e
1327 777 1598 837 speculato-

245 856 378 902 ribus
425 857 527 920 regi
563 857 861 910 nunciasset,
911 869 1172 919 properato
1218 857 1392 903 eodem
1434 859 1595 911 venit,

246 940 515 1004 agnitisque
552 940 672 987 extis
709 958 831 1003 quae
867 956 996 985 sacra
1026 941 1121 986 ales
1157 939 1427 994 advexerat,
1464 939 1599 986 videt

243 1024 484 1084 templum
550 1024 654 1068 illic
714 1035 854 1068 vetus
911 1023 1259 1088 magnitudinis
1317 1023 1598 1088 religiosae,

243 1106 473 1167 quodque
521 1106 627 1151 aevi
662 1107 989 1169 longinquitas
1025 1119 1290 1168 superasset
1334 1123 1389 1152 ac
1425 1105 1598 1151 diruis-

241 1201 333 1242 set,
371 1190 783 1249 simulacrumque
808 1187 1097 1234 intrinsecus
1127 1189 1296 1235 sedens
1322 1206 1381 1234 ex
1415 1205 1469 1234 ea
1499 1204 1602 1234 ma·

240 1272 361 1317 teria
399 1271 682 1337 figuratum,
727 1287 874 1333 quam
909 1270 1158 1317 dinoscere
1188 1272 1382 1318 homini
1415 1273 1597 1318 virium

241 1371 340 1400 non
378 1367 449 1401 est
472 1357 535 1401 (ι).
592 1353 685 1402 Sed
719 1366 920 1416 propter
953 1354 1282 1400 sedentarium
1317 1358 1480 1406 Deum
1516 1353 1597 1399 ad-

240 1439 430 1483 stiterat
463 1437 694 1500 puellaris
741 1436 924 1501 effigies
961 1437 1217 1498 spectabili
1258 1438 1594 1505 magnitudine

240 1534 290 1567 et
305 1522 356 1553 (⁰)
392 1519 758 1584 pulchritudine
793 1521 1062 1567 veneranda
1081 1520 1145 1569 (²).

284 1677 336 1708 (a)
362 1675 444 1705 Cod.
471 1685 535 1713 pro
558 1682 590 1705 ec
609 1675 710 1704 habet
731 1684 778 1704 eo.

304 1799 363 1845 (1)
397 1801 481 1835 Sine
504 1801 612 1834 dubio
635 1813 750 1835 sermo
773 1809 824 1834 est
849 1801 893 1833 de
913 1800 1091 1845 Serapidis
1121 1800 1235 1846 signo,
1275 1802 1452 1848 Loquitur
1475 1812 1596 1836 autem

238 1858 376 1892 Auctor
392 1858 498 1903 plane
519 1871 563 1892 ex
586 1867 749 1892 veterum
771 1858 1046 1891 idololatrarum
1066 1857 1240 1891 doctrina.
1271 1859 1434 1905 Namque
1463 1860 1594 1894 horum

238 1915 296 1948 alii
312 1939 321 1955 ,
353 1922 441 1948 teste
464 1916 649 1949 Clemente
677 1916 784 1949 Alex.
811 1914 990 1959 Pron-eps.
1017 1915 1070 1949 ed.
1099 1915 1218 1948 Oxou.
1242 1916 1285 1950 T.
1300 1917 1330 1950 I.
1354 1928 1390 1961 p.
1412 1920 1591 1950 42—43.

237 1971 273 2005 id
296 1972 437 2016 siguum
459 1972 622 2005 humanis
633 1972 807 2013 ,manibus
832 1971 964 2005 factum
995 1983 1069 2003 esse
1098 1972 1286 2017 negabant.
1332 1973 1409 2005 Alii
1432 1986 1475 2007 ex
1491 1984 1591 2012 auro,

238 2037 410 2072 argento,
444 2040 546 2069 aere,
577 2029 694 2068 ferro,
727 2028 896 2072 plumbo,
929 2037 1054 2061 stanno
1078 2036 1112 2061 et
1139 2028 1236 2062 omui
1263 2040 1392 2073 genere
1414 2029 1589 2074 lapidum,

237 2085 346 2118 etiam
368 2085 607 2130 pretiosorum
625 2111 634 2128 ,
666 2093 873 2119 concretum
899 2084 1063 2118 dicebant
1086 2097 1105 2117 a
1132 2086 1285 2131 quodam
1304 2085 1590 2129 artfficcBryaxe

235 2142 333 2175 iussu
357 2142 564 2175 Sesosrridis
597 2154 616 2175 a
639 2153 707 2188 quo
732 2150 812 2186 post
845 2141 1011 2174 victorias
1034 2141 1207 2174 maximas
1233 2142 1373 2174 Numen
1400 2142 1493 2175 illud
1526 2143 1590 2175 de-

235 2199 392 2232 dicatum
425 2199 480 2231 sit.
525 2200 617 2234 Sane
642 2207 676 2231 et
697 2197 860 2232 Ruffinus
887 2198 979 2230 Hist.
1010 2196 1094 2230 eccl.
1118 2206 1176 2231 xl.
1203 2204 1256 2232 23.
1291 2198 1341 2231 ait
1373 2200 1481 2245 vulgo
1508 2211 1585 2231 cre-

236 2255 354 2288 ditum
387 2255 613 2289 simulacrum
638 2268 682 2292 ex
721 2255 885 2289 omnibus
916 2255 1105 2299 generibus
1130 2255 1357 2289 metallorum
1386 2256 1588 2302 lignorum-

233 2324 303 2358 que
326 2312 576 2357 compositum.
621 2313 872 2348 Theodoretus
899 2319 1016 2346 tamen
1042 2312 1133 2346 Hist.
1162 2310 1247 2347 eccl.
1272 2313 1318 2346 V.
1342 2317 1397 2346 22.
1427 2313 1587 2359 ligneum

233 2370 331 2403 dicit.

287 2425 346 2470 (2)
378 2426 550 2472 Intellige
574 2427 713 2460 Isidem.
760 2427 849 2459 Sanc
879 2424 1080 2458 Macrobius
1104 2424 1247 2458 Sarum.
1272 2426 1300 2458 Ι.
1329 2431 1382 2459 20.
1412 2434 1492 2471 post
1526 2438 1586 2459 ae-

233 2484 398 2529 gyptium
421 2483 623 2529 Serapidem
647 2484 864 2528 duze-‚ripium
887 2482 934 2515 nit
954 2494 961 2513 :
994 2482 1058 2514 Isis
1081 2482 1199 2515 iuncta
1222 2480 1396 2526 religione
1419 2481 1585 2515 celebra..

230 2549 297 2571 tur.
342 2540 585 2574 Conferendus
617 2541 673 2578 hic
708 2541 805 2574 locus
837 2551 915 2573 cum
941 2539 1032 2573 libro
1060 2539 1126 2573 HI.
1162 2551 1236 2583 cap.
1262 2549 1408 2574 varn.
1451 2548 1484 2572 et
1514 2553 1580 2573 no—
