1752 3116
325 146 401 182 156
710 142 1066 184 ALEXANDRI
1095 145 1278 185 ORTVS

323 255 509 319 agratio
561 267 611 302 et
667 273 872 319 operum
927 257 1240 305 difficultates
1298 269 1397 305 tete
1443 270 1667 314 manent,

325 338 458 401 quod
492 339 567 385 illi
603 357 794 403 quoque
831 342 1026 403 Orpheo
1053 341 1172 396 fuit,
1212 340 1296 403 qui
1319 358 1573 407 peragrans
1596 359 1673 387 ur·

327 421 410 468 bes
446 439 635 487 graecas
671 436 738 486 et·
762 423 987 471 barbaras
1021 424 1082 471 ad
1115 423 1337 471 favorem
1370 425 1446 472 sui
1474 426 1672 497 ‘animos

326 506 674 553 admirantium
707 506 905 554 flexerit.

149 597 311 633 Alexan·
426 594 594 637 LVIII.
637 591 779 636 Hisce
814 589 992 636 auditis
1013 590 1282 637 Alexander
1306 592 1504 655 Jmnore
1529 607 1676 653 quam

122 655 186 688 der
212 657 310 690 venit

121 712 240 747 nium.
327 675 462 737 largo
485 673 852 736 Melampodam
870 686 1179 729 muneratur,
1204 675 1428 738 eximque
1449 675 1502 720 in
1525 676 1677 735 Phry-

327 758 460 822 giam
517 757 674 810 venit,
724 769 868 819 atque
926 758 1031 803 illic
1079 761 1291 804 Hectora
1336 759 1678 821 Achillemque
1725 759 1728 764 ’

326 843 519 902 unaque
567 840 688 887 alios
731 841 900 888 heroas
934 841 1121 887 Divum
1174 843 1364 889 honore
1406 844 1679 905 participat.

325 926 590 987 Praecipue
626 937 788 972 tamen
837 925 1060 971 Achillen
1104 939 1392 972 muneratur
1435 943 1490 973 ac
1542 919 1684 991 rogat}

325 1009 399 1053 uti
435 1007 528 1054 sibi
564 1022 612 1055 et
648 1011 755 1076 ipse
801 1008 989 1062 faveat,
1036 1020 1085 1054 et
1129 1009 1280 1064 dona,
1327 1027 1448 1073 quae
1499 1010 1678 1065 ferret,

325 1091 582 1157 dignanter
616 1094 858 1139 admietat.
914 1097 1047 1139 Haec
1083 1094 1216 1139 enim
1260 1110 1288 1140 a
1334 1111 1436 1140 sese
1477 1111 1580 1142 non
1627 1105 1683 1141 ut

326 1175 387 1221 ab
425 1190 624 1225 externo
671 1194 725 1224 ac
769 1178 1127 1240 superstitioso,
1173 1193 1345 1222 verum
1385 1190 1441 1224 ut
1484 1194 1686 1227 consan-

325 1261 504 1325 guineo
543 1279 596 1308 ac
631 1263 863 1328 religioso
900 1261 1137 1308 dedicari:

176 1343 310 1378 Versus

123 1400 311 1493 &sfixag-OEk
438 1439 562 1487 Atque
591 1441 677 1474 inde
705 1442 834 1476 Peleus
863 1440 1016 1475 Phthiae
1044 1452 1152 1486 regna
1183 1440 1365 1485 possedit,

440 1366 535 1401 Hinc
563 1369 701 1414 primus
732 1376 830 1402 extat
858 1367 997 1402 Aeacus
1023 1361 1075 1393 (a)
1108 1366 1204 1400 Iovis
1232 1366 1351 1412 proles
1378 1361 1455 1410 (²),

124 1527 190 1549 uus
213 1515 310 1548 eius·
440 1514 523 1558 Quo
555 1521 595 1548 tu
622 1514 787 1548 subortus
818 1515 943 1548 inclita
973 1513 1062 1547 cluis
1094 1513 1226 1559 proles·

126 1573 207 1605 <lem
234 1585 313 1605 rna-

119 1639 273 1663 ternum*
365 1663 418 1695 (a)
441 1663 525 1691 Cod.
554 1662 702 1693 Icachus.

325 1719 1692 1746 ———-—————-——-——.-———

388 1784 448 1836 (1)
481 1788 605 1834 Magni
626 1789 789 1822 facienda
812 1797 893 1822 sunt
915 1790 1003 1823 haec
1028 1791 1070 1823 Ἰ·
1096 1790 1234 1823 Valerii
1251 1790 1428 1830 carmina,
1459 1786 1587 1834 quibus
1608 1798 1687 1820 ma-

331 1845 425 1879 iores
438 1844 639 1878 Alexandri
660 1846 816 1879 materni
840 1855 1069 1880 recensentur
1088 1847 1159 1880 iarn
1179 1847 1264 1880 inde
1284 1847 1325 1879 ab
1344 1845 1463 1880 Aeaco
1480 1843 1576 1879 Iovis
1597 1843 1685 1877 filio.

332 1903 408 1936 Hos
434 1902 604 1948 quidem,
645 1902 752 1936 ducto
776 1902 882 1936 initio
906 1916 926 1936 a
946 1904 1086 1947 Pyrrho
1111 1903 1263 1937 Achillis
1290 1902 1390 1943 filio,
1420 1902 1483 1949 qui
1496 1892 1687 1935 'molossici

333 1958 436 2003 regni
466 1958 702 1993 fundamenta
723 1960 830 2001 iecit,
861 1961 1021 1994 studiose
1050 1961 1146 1994 nisus
1176 1969 1249 1994 erat
1275 1960 1446 2005 colligere
1473 1958 1684 1993 Reineccius

335 2015 608 2059 (Monarchiae
633 2017 671 2049 in
695 2018 877 2051 molossici
903 2018 1003 2064 regui
1026 2017 1266 2063 descriptione
1287 2030 1322 2062 p.
1346 2015 1585 2059 544—550).
1616 2016 1686 2050 Fa-

335 2072 488 2106 tendum
520 2081 639 2106 tamen
660 2074 852 2108 Reineccio
889 2075 958 2108 fuit
993 2074 1056 2121 (p.
1082 2075 1186 2119 548.)
1217 2082 1297 2120 post
1323 2074 1464 2108 Pielum
1490 2072 1685 2106 desiderari

333 2142 466 2164 novem
486 2141 612 2176 regum
635 2131 902 2164 succedentium
923 2133 1071 2165 nomina
1086 2157 1096 2173 ‚
1127 2144 1217 2178 quae
1239 2143 1334 2164 nunc
1355 2130 1500 2164 demum
1519 2130 1688 2163 videntur

336 2187 548 2231 longissimo
571 2188 794 2232 postliminio
820 2201 901 2222 cum
925 2191 967 2223 Ἰ·
988 2189 1125 2223 Valerii
1150 2189 1307 2221 versibus
1342 2188 1376 2220 in
1403 2189 1517 2221 lucem
1542 2186 1685 2219 reverti.

283 2282 286 2284 ¹
337 2245 454 2277 Immo
487 2255 530 2276 ne
565 2256 687 2277 eorum
716 2246 863 2291 quidem
895 2257 1022 2291 regum
1053 2257 1143 2292 quos
1177 2254 1257 2278 ante
1284 2245 1495 2289 Tharypum
1535 2244 1686 2277 collocat

337 2300 550 2335 Reineccius
570 2303 715 2334 nomina
740 2314 783 2336 ex
806 2303 992 2336 Antonino
1017 2302 1173 2335 Liberali
1207 2299 1223 2348 (
1242 2301 1487 2346 Ilfetamorph.
1508 2312 1583 2344 cap.
1606 2295 1682 2346 14.)

339 2365 374 2388 et
396 2358 576 2401 Stephano
599 2358 794 2402 byzantino
823 2359 918 2403 (voc.
951 2360 1175 2402 Ἀφείδαντες
1196 2367 1228 2392 et
1252 2358 1426 2401 Γωσιιῖςι)
1452 2365 1565 2398 eruta,
1603 2367 1683 2389 cum

337 2412 394 2445 his
414 2412 617 2446 Valerianis
652 2417 892 2449 consentiunt.
948 2418 993 2447 Et
1030 2415 1189 2448 lustinus
1224 2415 1372 2460 quidem
1397 2425 1500 2448 xvrt.
1528 2419 1558 2446 5.
1595 2413 1685 2446 mire

337 2469 463 2502 reticet
498 2469 534 2502 in
565 2470 645 2503 loco
674 2482 736 2503 suo
767 2472 957 2517 plerosque.
988 2483 1110 2505 omnes
1135 2471 1239 2516 Epiri
1265 2483 1393 2517 reges:
1435 2469 1685 2504 filolossorum

335 2527 488 2571 primum
510 2527 545 2559 in
569 2539 610 2560 ea
637 2528 780 2573 regione
803 2540 951 2575 regnum
965 2526 1062 2573 suit.
1109 2528 1196 2563 Post
1224 2527 1388 2574 Pyrrhus
1412 2526 1567 2562 Achillis
1581 2526 1689 2579 [2¹7¹ss
