1732 3121
556 175 660 216 SEV
683 160 858 218 LIBE'R
877 175 955 215 111.
1326 173 1404 214 273

59 290 283 356 „gentius
332 292 490 339 mensi
542 302 684 345 sunt,
728 291 971 338 eiusmodi
1017 290 1406 357 magnitudinem

57 405 76 429 „
89 375 307 421 universi
324 376 568 423 trifariam
591 374 860 422 diviserunt
880 392 1053 437 easque
1073 388 1231 437 partes
1244 376 1409 421 Asiam

57 457 169 512 „vel
201 463 452 522 Europam
495 459 574 504 vel
618 458 766 503 etiam
812 459 1021 520 Libyam
1077 461 1408 506 nominavere.

56 545 141 596 „In
177 544 307 589 hisce
339 544 490 608 igitur
521 541 741 605 partibus
777 543 1014 589 universis
1037 545 1265 606 trophaea
1293 559 1411 605 quo-

57 643 183 690 „que
217 639 382 674 nostra
419 628 722 673 consistunt:
761 638 808 671 et
843 638 913 672 est
946 627 1229 689 pudendum
1271 627 1313 672 si
1358 627 1412 671 in

57 710 266 773 „quibus
311 711 445 756 nulla
491 711 715 756 omnium
759 709 1005 758 obstiterit
1051 709 1338 764 difficultas,
1385 726 1412 754 a

56 795 368 860 „cognitione
403 795 550 841 vestri
584 795 738 841 veluti
773 794 863 841 sub
899 808 1059 842 metus
1090 796 1293 842 infamia
1332 795 1413 843 de·

57 879 328 933 „clinemus
349 878 416 924 (a).
466 883 625 942 Quare
656 891 843 926 vestrae
877 880 940 925 sit
970 880 1230 934 facultatis,
1253 878 1417 942 siquid.

58 962 148 1018 „de
182 962 315 1011 bello
353 964 649 1010 consultetis.
705 964 962 1025 Ceteroqui
1011 965 1304 1027 obsequium
1346 976 1415 1009 at-

57 1062 185 1108 „que
238 1046 510 1092 amicitiam
564 1046 883 1111 diligentibus
928 1048 1213 1095 vicissitudo
1260 1046 1417 1093 nostri

56 1147 188 1184 „non
224 1129 515 1194 displicebit.
567 1133 739 1192 Neque
780 1149 896 1178 vero
942 1132 1273 1179 resistentibus
1321 1131 1418 1177 exi-

59 1215 219 1271 „tium
253 1215 408 1280 gentis
443 1227 492 1261 et
524 1215 734 1277 patriae,
782 1232 942 1278 neque
978 1216 1260 1263 cedentibus
1296 1215 1417 1262 ami-

60 1298 146 1354 ,3ca
182 1297 463 1345 humanitas
499 1297 759 1347 differetur
782 1295 841 1345 (b).

162 1387 351 1430 LXXV.
398 1389 709 1447 „Progressae
743 1384 893 1448 igitur
925 1385 1053 1430 ultra
1101 1402 1195 1448 qua
1211 1385 1257 1418 (θ)
1311 1385 1419 1449 lege

61 1468 244 1522 „vultis
280 1479 472 1528 praeter
506 1484 726 1520 amnem,
781 1467 841 1512 ad
876 1485 966 1515 nos
999 1469 1164 1515 venite
1200 1485 1420 1516 omnem-

61 1581 82 1606 „
96 1568 188 1614 que
224 1551 595 1597 multitudinem
630 1563 840 1597 vestram
875 1540 981 1597 illic
1014 1553 1066 1597 in
1103 1552 1298 1598 ordines
1335 1568 1420 1613 po-

65 1638 214 1692 „nite
265 1635 406 1699 Quod
440 1634 527 1680 ubi
563 1634 709 1681 fuerit
743 1653 802 1682 ex
836 1636 997 1683 forma
1042 1638 1242 1682 huiusce
1288 1652 1422 1698 prae·

64 1721 245 1782 „cepti,
285 1737 374 1785 ego
394 1718 536 1766 vobis
558 1722 836 1765 Hammona
862 1733 1054 1782 patrem
1080 1738 1248 1767 meum
1279 1733 1423 1783 atque

67 1809 361 1859 „Iunonem,
399 1804 680 1847 Minervam
716 1804 864 1849 etiam
897 1805 1151 1851 victricem
1187 1808 1320 1861 iuro,
1353 1806 1424 1850 ni-

67 1889 173 1944 „hil
216 1888 426 1950 amplius
472 1902 496 1931 a
544 1885 684 1933 vobis
733 1901 954 1934 exactum
994 1890 1058 1934 iri
1077 1887 1130 1920 (d)
1176 1906 1322 1951 quam
1367 1890 1428 1935 si-

67 1971 223 2035 „quid
256 1988 346 2034 pro
382 1969 570 2017 viribus
593 1970 828 2023 offeratis,
867 1973 1060 2018 Mittite
1081 1990 1194 2019 sane
1230 1973 1289 2018 ad
1312 1990 1426 2020 con-

69 2055 345 2112 „militium
399 2055 524 2100 mihi
584 2067 799 2101 strenuas
857 2074 1070 2119 quasque
1129 2058 1315 2121 equites
1339 2057 1390 2090 (ι)
1412 2091 1424 2112 ,

103 2227 156 2259 (a)
180 2225 264 2255 Cod.
287 2224 510 2255 declinemur.
545 2224 592 2262 (b)
616 2228 665 2256 Ita
689 2227 769 2257 cod.
791 2236 873 2256 mox
896 2226 1028 2257 factum
1048 2227 1258 2267 differretur.
1281 2232 1327 2264 (c)
1342 2230 1429 2260 God.

73 2285 138 2315 pro
168 2287 238 2316 qua
263 2277 367 2305 habet
397 2275 466 2307 sub.
521 2276 575 2311 (d)
601 2279 682 2306 ond.
718 2280 884 2307 exacturi.

134 2404 194 2450 (1)
225 2405 335 2439 Plane
359 2405 464 2438 aliter
481 2404 655 2438 Arrianus
678 2414 753 2438 vn.
783 2409 838 2439 15.
862 2404 925 2438 Ait
954 2406 1071 2447 enim,
1102 2405 1304 2439 Amazonas
1319 2431 1329 2448 ‚
1345 2417 1436 2453 quae

77 2475 152 2497 non
181 2462 369 2496 invocatae
409 2470 579 2497 venerant
613 2461 651 2496 in
688 2470 801 2495 castra
836 2462 1075 2496 Macedonum
1097 2488 1107 2504 ‚
1150 2464 1192 2496 ab
1227 2463 1436 2500 Alexandro

79 2520 187 2555 fuisse
208 2519 386 2554 remissas.

1076 2581 1132 2623 18
