1752 3116
343 118 424 160 224
729 116 1082 158 ALEXANDRJ
1112 115 1314 156 OBITVS

342 242 624 284 „testemus‚
687 228 860 291 quibus
916 228 1023 274 Diis
1076 226 1377 274 inefficacem
1432 225 1684 273 audaciam

344 312 523 367 „fuisse
556 312 808 358 adversum
842 327 956 362 nos,
994 310 1286 356 documenta
1309 322 1421 356 sunt
1455 308 1688 371 antiquis-

346 395 497 449 „sima
531 396 609 441 vel
642 407 810 441 vestra.
860 393 1049 456 Quippe
1086 410 1198 438 cum
1232 394 1375 438 illum
1410 393 1575 454 ipsum
1608 391 1694 438 Li-

347 478 552 533 „berum
582 490 823 530 vestrum,
879 476 963 537 qui
998 475 1125 537 apud
1159 492 1244 522 vos
1289 481 1419 522 Deus
1455 475 1694 521 existime-

348 592 367 615 ‚‚
377 574 483 615 tur,
519 573 700 607 temere
727 561 778 604 in
806 561 922 604 haec
944 560 1314 620 irrumpentem,
1338 559 1536 603 irritum
1555 572 1692 618 supe-

348 650 636 705 >‚ratumque
670 643 786 688 hinc
820 641 930 687 Indi
963 643 1013 685 in
1049 641 1217 706 fugam
1247 640 1495 686 verterint.

448 731 503 771 V.
546 730 739 788 „Quare
773 742 872 771 non
910 723 1059 769 modo
1095 722 1290 777 suadeo,
1337 739 1511 768 verum
1546 721 1694 768 iubeo
1737 764 1741 770 .

349 825 575 871 „quoque
610 807 744 854 abire
778 819 827 853 te
862 808 976 852 hinc
1012 807 1071 851 ad
1106 818 1210 852 tuas
1258 806 1477 852 Graecias
1493 804 1544 836 (ι)
1581 817 1695 851 ‘eon-

351 903 574 946 „tentum
614 891 752 936 Darii
787 890 984 936 fortuna
1021 903 1070 936 et
1103 888 1299 951 paribus
1332 887 1555 953 gentibus
1587 887 1701 933 viri-

354 975 568 1037 „busque
602 973 663 1019 ad
697 974 837 1019 illam
873 974 1021 1019 vestri
1045 973 1258 1019 nominis
1295 971 1699 1018 mediocritatem.

354 1063 554 1119 „Neque
589 1056 722 1103 enim
753 1058 794 1102 si
829 1057 969 1103 nobis
1008 1056 1206 1103 Graecia
1253 1067 1409 1100 vestra
1462 1071 1582 1116 opus
1628 1053 1703 1100 fo-

356 1151 482 1195 „ret‚
518 1156 619 1186 non
655 1140 779 1184 olim
815 1151 958 1199 atque
993 1150 1103 1184 ante
1138 1143 1322 1184 Xerxae
1356 1148 1558 1183 conatus
1593 1136 1703 1182 sub-

355 1234 490 1279 „acta
533 1221 665 1267 Indis
711 1220 854 1267 foret.
923 1221 1186 1267 Enimvero
1233 1221 1469 1282 quoniam
1512 1219 1703 1265 inutilis

357 1304 529 1361 „nobis
566 1317 662 1358 est,
699 1304 920 1365 nihilque
955 1303 1158 1368 dignum
1194 1303 1369 1366 opibus
1404 1303 1583 1349 nostris
1623 1315 1706 1348 aut

359 1387 766 1445 „amoenitatibus
802 1387 972 1441 habet,
1011 1405 1168 1450 neque
1205 1388 1420 1450 quaesita
1445 1399 1518 1432 est
1550 1404 1707 1449 neque

360 1484 648 1535 „quaeretur
667 1471 735 1517 (α).
780 1475 824 1516 Is
859 1471 994 1517 enim
1029 1470 1227 1516 demum
1262 1469 1402 1515 labor
1442 1470 1600 1515 suavis
1638 1481 1709 1516 est

361 1554 769 1617 ‚‚proeliantibus‚
827 1571 885 1599 ex
933 1570 1028 1615 quo
1084 1555 1148 1600 sit
1191 1555 1340 1599 etiam
1385 1553 1559 1600 idonea
1604 1571 1711 1616 spes

363 1638 739 1701 „praemiorunr
803 1641 974 1698 Neque
1027 1648 1097 1682 est
1141 1649 1389 1693 nostrum,
1434 1639 1485 1682 in
1534 1654 1710 1703 magno

365 1734 572 1778 „conatu
608 1720 756 1783 digno
790 1736 963 1780 operae
984 1716 1032 1752 (ὗ)
1066 1720 1230 1780 precio
1275 1722 1495 1768 caruisse.
1560 1726 1717 1785 Quare

368 1805 453 1860 „id
486 1804 631 1849 tertio
666 1804 768 1848 iam
801 1802 1027 1864 praedico
1063 1819 1116 1847 ac
1152 1802 1387 1849 denuntio
1424 1803 1516 1850 tibi
1550 1806 1621 1851 uti
1646 1805 1716 1851 fa-

372 1903 553 1943 „cessas
589 1903 647 1932 ex
681 1886 754 1931 his
789 1884 964 1946 quibus
1000 1886 1240 1947 imperare
1274 1903 1372 1933 non
1410 1888 1612 1948 possis«,

158 1984 358 2021 Alexandri
473 1975 551 2018 VI.
590 1970 679 2015 His
713 1969 889 2014 litteris
934 1967 1132 2029 publice
1167 1970 1403 2023 recitatis,
1453 1971 1721 2018 Alexander

154 2043 356 2077 ²‘¹¹²⁰r‘³‘i⁰
376 2056 466 2101 ait:
504 2056 679 2107 „Nunc
714 2068 906 2114 quoque
940 2069 1026 2099 vos
1062 2069 1266 2106 moneo,
1302 2054 1592 2100 sanctissimi
1630 2056 1722 2100 mi·

377 2139 544 2193 ‚,lites,
581 2134 765 2196 nequid
797 2151 990 2180 rursum
1036 2134 1393 2200 magnificentia
1429 2137 1519 2182 ista
1554 2137 1723 2184 barba-

377 2221 507 2277 „rica
543 2219 730 2264 animos
766 2229 949 2264 vestros
986 2219 1285 2265 inconsultos
1318 2218 1497 2267 turbet.
1535 2221 1724 2267 Auditis

151 2102 193 2134 sd
212 2101 357 2136 milites·

417 2381 469 2412 (α)
495 2377 578 2404 Cod.
601 2383 831 2415 quaereretur.
869 2374 914 2409 (b)
936 2377 1021 2405 God.
1049 2386 1155 2412 opere.

445 2488 505 2539 (1)
539 2490 670 2524 Confer
693 2492 852 2525 ltiuerar.
876 2504 955 2538 cap.
986 2501 1095 2528 XCVI.
