1752 3116
191 747 351 784 Alexan-

137 806 193 839 dri
204 805 349 852 quaesita

139 863 233 909 apud
244 874 350 908 gym-

151 919 340 965 nosophis-

137 986 199 1009 ίιες.

372 195 455 237 234
749 193 1103 236 ALEXANDRI
1131 195 1335 235 OBITVS

370 307 602 370 videtque
650 309 875 356 homines
921 309 1108 370 reliqua
1166 307 1345 362 nudOS,
1400 308 1483 355 sed
1528 307 1710 354 amictu

370 391 584 453 simplici
616 393 932 454 superiectOS,
971 391 1369 454 deversantesque
1401 392 1475 437 his
1511 391 1710 437 aedibus

370 492 455 521 seu
468 472 524 505 (a)
557 475 800 536 speluncis
836 491 1041 537 quarum
1076 475 1247 522 relatio
1267 492 1410 537 supra
1429 486 1513 520 est.
1526 479 1712 520 Eorum

369 556 462 602 filii
518 559 840 624 coniugesque
896 557 1144 620 pascendis
1193 558 1458 620 pecudibus
1509 573 1712 619 occupa-

369 639 558 693 bantur.

466 730 638 772 XVIII.
671 730 797 788 Ergo
832 724 1050 769 instituit
1084 723 1289 771 Macedo
1326 741 1437 771 cum
1456 725 1711 771 hiscehac—

369 821 505 855 tenus
520 810 660 871 loqui
681 809 730 842 (ι)
744 842 755 862 ,
780 825 833 854 ac
851 809 1069 870 primum
1099 825 1159 853 an
1178 808 1367 870 uspiam
1393 809 1539 855 huius
1556 808 1710 872 gentis

364 891 647 939 hominibus
682 892 780 937 sint
814 891 1102 954 sepulchra?
1156 892 1228 939 Ad
1270 893 1389 938 haec
1425 907 1712 954 responsum

369 988 464 1029 est,
499 975 631 1021 idem
666 974 760 1021 sibi
779 974 1087 1020 domicilium
1110 993 1208 1021 esse
1232 974 1363 1037 quod
1384 975 1712 1037 sepulchrum,

368 1076 524 1121 eoque
560 1057 843 1105 consuefieri
877 1059 950 1104 his
971 1058 1275 1106 diversoriis:
1309 1058 1392 1105 sed
1412 1055 1459 1091 (ὃ)
1495 1057 1612 1103 dum
1636 1075 1714 1104 co-

366 1142 488 1188 tidie
524 1141 800 1196 dormiunt,
835 1142 1056 1188 desinant
1090 1141 1349 1204 aliquando
1382 1141 1608 1205 vigilare:
1635 1158 1712 1186 ex-

366 1241 460 1286 que
494 1242 552 1271 eo
587 1224 682 1270 sibi
716 1243 816 1272 esse
861 1243 1011 1273 unam
1055 1224 1259 1271 domum
1299 1224 1485 1270 viventi
1531 1223 1714 1285 pariter

364 1319 414 1353 et
448 1321 661 1354 mortuo.
707 1312 886 1355 Rursus
930 1309 1120 1372 quaerit
1164 1326 1222 1354 ex
1267 1308 1388 1362 alio,
1435 1319 1604 1352 utrum
1651 1323 1712 1352 ne

364 1391 528 1451 plures
564 1391 666 1437 vivi
688 1391 733 1423 (ι’)
766 1409 827 1438 an
863 1393 1048 1439 mortui
1078 1389 1412 1458 putarentur?
1457 1390 1534 1437 Ad
1568 1389 1712 1452 idque

366 1491 649 1537 responsum
683 1489 778 1530 est,
813 1477 969 1522 videri
990 1476 1187 1539 quidem
1208 1476 1448 1538 plurimos
1466 1486 1710 1520 mortuos:

365 1556 448 1602 sed
493 1575 641 1620 aeque
658 1557 714 1590 (d)
749 1560 996 1604 numerari
1041 1577 1140 1605 non
1186 1570 1412 1621 oportere
1459 1574 1540 1604 eos
1589 1574 1711 1619 quos

365 1640 552 1696 videas,
590 1658 737 1703 quam
770 1643 884 1688 illos
918 1643 1105 1689 scilicet
1140 1659 1259 1704 quos
1280 1658 1437 1703 neque
1463 1641 1596 1687 oculi
1618 1641 1711 1685 ulli

364 1742 523 1787 neque
557 1726 681 1772 ratio
726 1727 1039 1788 conspiceret.
1092 1730 1205 1771 Post
1251 1725 1437 1786 quaerit
1481 1742 1538 1770 ex
1585 1724 1706 1778 alio,

362 1821 530 1854 utrum
563 1826 624 1854 ne
658 1808 755 1854 vita
790 1809 992 1862 fortior,
1028 1825 1090 1854 an
1124 1826 1239 1855 vero
1267 1808 1331 1854 sit
1350 1807 1517 1855 mors?
1540 1809 1708 1855 Orien-

363 1893 426 1938 tis
460 1893 624 1956 vigor,
669 1893 965 1938 marcentior
1006 1910 1122 1939 vero
1169 1893 1405 1939 viseretur
1448 1892 1706 1939 occiduus:

363 1990 626 2038 ortumque
660 1976 874 2024 hominis
909 1994 1008 2022 esse
1053 1993 1150 2038 quo
1196 1977 1380 2023 vivitur
1420 1978 1572 2022 vitam
1607 1993 1706 2022 esse

361 2077 645 2123 responsum
697 2073 793 2115 est,
851 2060 983 2122 quod
1037 2061 1151 2107 solis
1200 2077 1392 2122 quoque
1437 2059 1706 2106 ferventior

361 2157 620 2206 contraqae
668 2162 762 2207 quo
809 2143 984 2210 frigeat
1007 2143 1069 2194 (ε),
1126 2148 1188 2188 Et
1232 2142 1284 2187 id
1329 2142 1488 2196 addit,
1535 2154 1704 2188 utrum

406 2265 458 2295 (a.)
482 2263 562 2290 Cod.
588 2272 686 2292 secus.
721 2262 766 2297 (b)
791 2265 838 2292 Ita
859 2263 934 2291 cod.
955 2262 1025 2292 sed·
1071 2264 1116 2294 (c)
1141 2261 1224 2290 cod.
1246 2262 1405 2291 viverent.
1454 2261 1508 2293 (d)
1530 2262 1616 2291 cod.
1641 2271 1706 2300 pro

360 2323 466 2352 aeque
488 2313 591 2341 habet
614 2322 675 2342 eos.
712 2315 757 2345 (e)
780 2315 831 2343 lta
851 2318 946 2342 totu·
969 2313 1028 2341 hic
1053 2314 1152 2341 locus
1178 2321 1212 2340 ne
1233 2313 1333 2341 habet
1355 2313 1392 2341 in
1414 2312 1544 2340 codice.

419 2403 479 2453 (1)
512 2407 617 2451 Quod
641 2407 775 2440 adtinet
799 2407 843 2440 ad
867 2407 1063 2441 Alexandri
1096 2406 1314 2452 colloquium
1353 2418 1435 2439 cuni
1472 2406 1705 2440 Braclunani-

360 2464 425 2497 bus
448 2464 569 2497 confer
591 2464 819 2498 Plutarchum
852 2477 885 2510 p.
915 2469 1091 2498 85—86.
1134 2463 1343 2498 Strabonem
1380 2473 1447 2496 xv.
1487 2476 1521 2508 p.
1555 2467 1631 2498 714.
1666 2472 1700 2495 ct

361 2533 459 2565 seqq.
485 2520 677 2554 Arrianum
708 2532 779 2556 vu.
812 2528 940 2556 1—2.
971 2521 1173 2557 Palladium
1194 2520 1238 2554 de
1262 2519 1551 2554 Braclmzanibus.
1583 2522 1702 2553 Zona-

361 2590 437 2611 ῐῑωι
467 2587 521 2611 1v.
553 2581 607 2610 14.
