<?xml version="1.0" encoding="UTF-8"?>
<!DOCTYPE html PUBLIC "-//W3C//DTD XHTML 1.0 Transitional//EN"
    "http://www.w3.org/TR/xhtml1/DTD/xhtml1-transitional.dtd">
<html xmlns="http://www.w3.org/1999/xhtml" xml:lang="en" lang="en">
 <head>
  <title>
</title>
<meta http-equiv="Content-Type" content="text/html;charset=utf-8" />
  <meta name='ocr-system' content='tesseract 3.04.00' />
  <meta name='ocr-capabilities' content='ocr_page ocr_carea ocr_par ocr_line ocrx_word'/>
</head>
<body>
  <div class='ocr_page' id='page_1' title='image "./itinerariumalexa00maiauoft_0203.png"; bbox 0 0 1752 3116; ppageno 0'>
   <div class='ocr_carea' id='block_1_1' title="bbox 504 209 1371 253">
    <p class='ocr_par' dir='ltr' id='par_1_1' title="bbox 504 209 1371 253">
     <span class='ocr_line' id='line_1_1' title="bbox 504 209 1371 253; baseline -0.005 -3"><span class='ocrx_word' id='word_1_1' title='bbox 504 209 608 250; x_wconf 86' lang='lat' dir='ltr'><strong>SEV</strong></span> <span class='ocrx_word' id='word_1_2' title='bbox 637 210 811 253; x_wconf 85' lang='lat' dir='ltr'>LIBER</span> <span class='ocrx_word' id='word_1_3' title='bbox 838 209 893 248; x_wconf 92' lang='lat'><strong>11.</strong></span> <span class='ocrx_word' id='word_1_4' title='bbox 1295 210 1371 247; x_wconf 85' lang='lat'><strong>197</strong></span> 
     </span>
    </p>
   </div>
   <div class='ocr_carea' id='block_1_2' title="bbox 31 322 1376 723">
    <p class='ocr_par' dir='ltr' id='par_1_2' title="bbox 31 322 1376 723">
     <span class='ocr_line' id='line_1_2' title="bbox 33 322 1374 388; baseline -0.001 -19"><span class='ocrx_word' id='word_1_5' title='bbox 33 323 160 370; x_wconf 83' lang='lat' dir='ltr'><strong>fecta</strong></span> <span class='ocrx_word' id='word_1_6' title='bbox 195 338 310 388; x_wconf 84' lang='lat' dir='ltr'><strong>ergo</strong></span> <span class='ocrx_word' id='word_1_7' title='bbox 343 323 522 388; x_wconf 84' lang='lat' dir='ltr'><strong>legatio</strong></span> <span class='ocrx_word' id='word_1_8' title='bbox 545 323 596 355; x_wconf 75' lang='lat'><strong>(¹)</strong></span> <span class='ocrx_word' id='word_1_9' title='bbox 632 341 744 370; x_wconf 86' lang='lat' dir='ltr'><strong>cum</strong></span> <span class='ocrx_word' id='word_1_10' title='bbox 790 322 920 386; x_wconf 82' lang='lat' dir='ltr'><strong>apud</strong></span> <span class='ocrx_word' id='word_1_11' title='bbox 964 322 1177 370; x_wconf 84' lang='lat' dir='ltr'>Plataeas</span> <span class='ocrx_word' id='word_1_12' title='bbox 1212 338 1374 387; x_wconf 86' lang='lat' dir='ltr'><strong>regem</strong></span> 
     </span>
     <span class='ocr_line' id='line_1_3' title="bbox 31 404 1376 468; baseline -0.003 -15"><span class='ocrx_word' id='word_1_13' title='bbox 31 407 366 453; x_wconf 84' lang='lat' dir='ltr'>Alexandrum</span> <span class='ocrx_word' id='word_1_14' title='bbox 399 406 706 460; x_wconf 83' lang='lat' dir='ltr'><strong>offendisset,</strong></span> <span class='ocrx_word' id='word_1_15' title='bbox 754 407 1135 468; x_wconf 81' lang='lat' dir='ltr'><strong>insinuassetque</strong></span> <span class='ocrx_word' id='word_1_16' title='bbox 1179 404 1376 450; x_wconf 84' lang='lat' dir='ltr'><strong>manda-</strong></span> 
     </span>
     <span class='ocr_line' id='line_1_4' title="bbox 34 490 1374 543; baseline -0.003 -8"><span class='ocrx_word' id='word_1_17' title='bbox 34 501 110 543; x_wconf 84' lang='lat' dir='ltr'><strong>ta,</strong></span> <span class='ocrx_word' id='word_1_18' title='bbox 164 501 212 535; x_wconf 87' lang='lat' dir='ltr'><strong>et</strong></span> <span class='ocrx_word' id='word_1_19' title='bbox 262 490 608 536; x_wconf 86' lang='lat' dir='ltr'><strong>Demosthenis</strong></span> <span class='ocrx_word' id='word_1_20' title='bbox 661 506 762 536; x_wconf 83' lang='lat' dir='ltr'><strong>una</strong></span> <span class='ocrx_word' id='word_1_21' title='bbox 822 491 1043 536; x_wconf 82' lang='lat' dir='ltr'>suasione</span> <span class='ocrx_word' id='word_1_22' title='bbox 1087 505 1374 535; x_wconf 89' lang='lat' dir='ltr'><strong>consensum</strong></span> 
     </span>
     <span class='ocr_line' id='line_1_5' title="bbox 33 569 1376 635; baseline -0.002 -16"><span class='ocrx_word' id='word_1_23' title='bbox 33 569 453 635; x_wconf 73' lang='lat' dir='ltr'>Amphictyonum</span> <span class='ocrx_word' id='word_1_24' title='bbox 471 574 523 605; x_wconf 69' lang='lat' dir='ltr'><strong>(a)</strong></span> <span class='ocrx_word' id='word_1_25' title='bbox 555 573 893 619; x_wconf 77' lang='lat' dir='ltr'><strong>universorum</strong></span> <span class='ocrx_word' id='word_1_26' title='bbox 904 590 918 626; x_wconf 81' lang='lat'>3</span> <span class='ocrx_word' id='word_1_27' title='bbox 949 572 1008 618; x_wconf 85' lang='lat' dir='ltr'><strong>ad</strong></span> <span class='ocrx_word' id='word_1_28' title='bbox 1037 571 1278 618; x_wconf 80' lang='lat' dir='ltr'><strong>eiusmodi</strong></span> <span class='ocrx_word' id='word_1_29' title='bbox 1304 589 1376 617; x_wconf 82' lang='lat' dir='ltr'><strong>re-</strong></span> 
     </span>
     <span class='ocr_line' id='line_1_6' title="bbox 35 650 1376 723; baseline -0.003 -20"><span class='ocrx_word' id='word_1_30' title='bbox 35 674 272 719; x_wconf 84' lang='lat' dir='ltr'><strong>sponsum</strong></span> <span class='ocrx_word' id='word_1_31' title='bbox 283 657 405 723; x_wconf 84' lang='lat' dir='ltr'><strong>regis</strong></span> <span class='ocrx_word' id='word_1_32' title='bbox 415 656 746 703; x_wconf 81' lang='lat' dir='ltr'><strong>benivolentia</strong></span> <span class='ocrx_word' id='word_1_33' title='bbox 768 657 992 719; x_wconf 86' lang='lat' dir='ltr'><strong>protinus</strong></span> <span class='ocrx_word' id='word_1_34' title='bbox 1006 655 1292 701; x_wconf 75' lang='lat' dir='ltr'>transfertur</span> <span class='ocrx_word' id='word_1_35' title='bbox 1315 650 1376 699; x_wconf 59' lang='grc' dir='ltr'>(ὓ).</span> 
     </span>
    </p>
   </div>
   <div class='ocr_carea' id='block_1_3' title="bbox 133 727 1611 796">
    <p class='ocr_par' dir='ltr' id='par_1_3' title="bbox 133 727 1611 796">
     <span class='ocr_line' id='line_1_7' title="bbox 133 727 1611 796; baseline -0.003 -10"><span class='ocrx_word' id='word_1_36' title='bbox 133 745 261 788; x_wconf 89' lang='lat' dir='ltr'><strong>XXI.</strong></span> <span class='ocrx_word' id='word_1_37' title='bbox 310 740 609 796; x_wconf 77' lang='lat' dir='ltr'><strong>„Scriberem</strong></span> <span class='ocrx_word' id='word_1_38' title='bbox 643 739 782 786; x_wconf 88' lang='lat' dir='ltr'><strong>vobis</strong></span> <span class='ocrx_word' id='word_1_39' title='bbox 827 741 1144 789; x_wconf 75' lang='lat' dir='ltr'><strong>Athenienses</strong></span> <span class='ocrx_word' id='word_1_40' title='bbox 1180 749 1236 784; x_wconf 85' lang='lat' dir='ltr'><strong>ut</strong></span> <span class='ocrx_word' id='word_1_41' title='bbox 1268 755 1374 791; x_wconf 84' lang='lat' dir='ltr'><strong>rex,</strong></span> <span class='ocrx_word' id='word_1_42' title='bbox 1396 727 1611 763; x_wconf 57' lang='lat' dir='ltr'><strong>TertiaAle-</strong></span> 
     </span>
    </p>
   </div>
   <div class='ocr_carea' id='block_1_4' title="bbox 1396 784 1611 828">
    <p class='ocr_par' dir='ltr' id='par_1_4' title="bbox 1396 784 1611 828">
     <span class='ocr_line' id='line_1_8' title="bbox 1396 784 1611 828; baseline -0.028 -8"><span class='ocrx_word' id='word_1_43' title='bbox 1396 785 1521 820; x_wconf 71' lang='lat' dir='ltr'><strong>xandri</strong></span> <span class='ocrx_word' id='word_1_44' title='bbox 1535 784 1611 828; x_wconf 76' lang='lat' dir='ltr'><strong>epi-</strong></span> 
     </span>
    </p>
   </div>
   <div class='ocr_carea' id='block_1_5' title="bbox 24 823 1612 2303">
    <p class='ocr_par' dir='ltr' id='par_1_5' title="bbox 24 823 1612 2131">
     <span class='ocr_line' id='line_1_9' title="bbox 35 823 1612 886; baseline -0.004 -14"><span class='ocrx_word' id='word_1_45' title='bbox 35 825 149 879; x_wconf 79' lang='lat' dir='ltr'><strong>„sed</strong></span> <span class='ocrx_word' id='word_1_46' title='bbox 184 825 243 872; x_wconf 84' lang='lat' dir='ltr'><strong>ab</strong></span> <span class='ocrx_word' id='word_1_47' title='bbox 279 827 368 872; x_wconf 91' lang='lat' dir='ltr'><strong>hac</strong></span> <span class='ocrx_word' id='word_1_48' title='bbox 404 842 486 871; x_wconf 85' lang='lat' dir='ltr'><strong>me</strong></span> <span class='ocrx_word' id='word_1_49' title='bbox 519 824 846 886; x_wconf 80' lang='lat' dir='ltr'>appellatione</span> <span class='ocrx_word' id='word_1_50' title='bbox 881 823 1179 876; x_wconf 78' lang='lat' dir='ltr'><strong>distulerim5</strong></span> <span class='ocrx_word' id='word_1_51' title='bbox 1225 823 1378 868; x_wconf 83' lang='lat' dir='ltr'><strong>donec</strong></span> <span class='ocrx_word' id='word_1_52' title='bbox 1396 843 1484 876; x_wconf 47' lang='lat'><em>§1013</em></span> <span class='ocrx_word' id='word_1_53' title='bbox 1504 841 1612 873; x_wconf 37' lang='lat' dir='ltr'><strong>‘qd-3-</strong></span> 
     </span>
     <span class='ocr_line' id='line_1_10' title="bbox 33 898 1609 972; baseline -0.004 -16"><span class='ocrx_word' id='word_1_54' title='bbox 33 940 51 963; x_wconf 72' lang='lat'><strong>&gt;,</strong></span> <span class='ocrx_word' id='word_1_55' title='bbox 66 910 205 956; x_wconf 87' lang='lat' dir='ltr'><strong>omni</strong></span> <span class='ocrx_word' id='word_1_56' title='bbox 239 907 461 954; x_wconf 83' lang='lat' dir='ltr'><strong>barbaria</strong></span> <span class='ocrx_word' id='word_1_57' title='bbox 495 907 747 972; x_wconf 82' lang='lat' dir='ltr'><strong>subiugata</strong></span> <span class='ocrx_word' id='word_1_58' title='bbox 785 907 988 955; x_wconf 77' lang='lat' dir='ltr'><strong>effectus</strong></span> <span class='ocrx_word' id='word_1_59' title='bbox 1022 909 1104 954; x_wconf 89' lang='lat' dir='ltr'><strong>hic</strong></span> <span class='ocrx_word' id='word_1_60' title='bbox 1138 924 1272 954; x_wconf 86' lang='lat' dir='ltr'><strong>meus</strong></span> <span class='ocrx_word' id='word_1_61' title='bbox 1294 923 1379 952; x_wconf 89' lang='lat' dir='ltr'><strong>no·</strong></span> <span class='ocrx_word' id='word_1_62' title='bbox 1396 898 1609 933; x_wconf 65' lang='lat' dir='ltr'><strong>thenienses.</strong></span> 
     </span>
     <span class='ocr_line' id='line_1_11' title="bbox 31 989 1381 1056; baseline -0.003 -19"><span class='ocrx_word' id='word_1_63' title='bbox 31 993 188 1045; x_wconf 73' lang='lat' dir='ltr'><strong>„mini</strong></span> <span class='ocrx_word' id='word_1_64' title='bbox 222 1009 392 1056; x_wconf 82' lang='lat' dir='ltr'><strong>graeco</strong></span> <span class='ocrx_word' id='word_1_65' title='bbox 425 990 663 1054; x_wconf 80' lang='lat' dir='ltr'><strong>proficiat.</strong></span> <span class='ocrx_word' id='word_1_66' title='bbox 709 993 857 1037; x_wconf 85' lang='lat' dir='ltr'>Enim</span> <span class='ocrx_word' id='word_1_67' title='bbox 906 993 1138 1054; x_wconf 85' lang='lat' dir='ltr'><strong>quoniam</strong></span> <span class='ocrx_word' id='word_1_68' title='bbox 1181 989 1381 1052; x_wconf 84' lang='lat' dir='ltr'><strong>iampri-</strong></span> 
     </span>
     <span class='ocr_line' id='line_1_12' title="bbox 31 1074 1382 1137; baseline -0.001 -17"><span class='ocrx_word' id='word_1_69' title='bbox 31 1075 172 1129; x_wconf 77' lang='lat' dir='ltr'><strong>„dem</strong></span> <span class='ocrx_word' id='word_1_70' title='bbox 207 1076 492 1137; x_wconf 86' lang='lat' dir='ltr'><strong>scripseram</strong></span> <span class='ocrx_word' id='word_1_71' title='bbox 527 1074 686 1121; x_wconf 84' lang='lat' dir='ltr'><strong>decim</strong></span> <span class='ocrx_word' id='word_1_72' title='bbox 721 1087 935 1122; x_wconf 85' lang='lat' dir='ltr'><strong>oratores</strong></span> <span class='ocrx_word' id='word_1_73' title='bbox 970 1088 1155 1122; x_wconf 83' lang='lat' dir='ltr'><strong>vestros</strong></span> <span class='ocrx_word' id='word_1_74' title='bbox 1199 1074 1260 1120; x_wconf 86' lang='lat' dir='ltr'><strong>ad</strong></span> <span class='ocrx_word' id='word_1_75' title='bbox 1302 1091 1382 1119; x_wconf 89' lang='lat' dir='ltr'><strong>me</strong></span> 
     </span>
     <span class='ocr_line' id='line_1_13' title="bbox 32 1157 1384 1221; baseline -0.004 -16"><span class='ocrx_word' id='word_1_76' title='bbox 32 1159 315 1213; x_wconf 76' lang='lat' dir='ltr'><strong>»destinan‘‚</strong></span> <span class='ocrx_word' id='word_1_77' title='bbox 355 1157 488 1221; x_wconf 86' lang='lat' dir='ltr'>quod</span> <span class='ocrx_word' id='word_1_78' title='bbox 521 1175 694 1204; x_wconf 88' lang='lat' dir='ltr'>eorum</span> <span class='ocrx_word' id='word_1_79' title='bbox 729 1161 870 1220; x_wconf 85' lang='lat' dir='ltr'><strong>culpa</strong></span> <span class='ocrx_word' id='word_1_80' title='bbox 892 1158 1291 1221; x_wconf 84' lang='lat' dir='ltr'><strong>inobsequentiae</strong></span> <span class='ocrx_word' id='word_1_81' title='bbox 1312 1173 1384 1201; x_wconf 83' lang='lat' dir='ltr'><strong>ar-</strong></span> 
     </span>
     <span class='ocr_line' id='line_1_14' title="bbox 35 1238 1384 1306; baseline -0.003 -19"><span class='ocrx_word' id='word_1_82' title='bbox 35 1243 362 1306; x_wconf 72' lang='lat' dir='ltr'><strong>„gueremini,</strong></span> <span class='ocrx_word' id='word_1_83' title='bbox 401 1242 522 1287; x_wconf 84' lang='lat' dir='ltr'><strong>scire</strong></span> <span class='ocrx_word' id='word_1_84' title='bbox 556 1257 643 1287; x_wconf 90' lang='lat' dir='ltr'><strong>vos</strong></span> <span class='ocrx_word' id='word_1_85' title='bbox 677 1258 765 1303; x_wconf 86' lang='lat' dir='ltr'><strong>par</strong></span> <span class='ocrx_word' id='word_1_86' title='bbox 801 1253 892 1295; x_wconf 88' lang='lat' dir='ltr'><strong>est,</strong></span> <span class='ocrx_word' id='word_1_87' title='bbox 930 1258 1028 1288; x_wconf 89' lang='lat' dir='ltr'><strong>non</strong></span> <span class='ocrx_word' id='word_1_88' title='bbox 1065 1259 1122 1288; x_wconf 90' lang='lat' dir='ltr'><strong>eo</strong></span> <span class='ocrx_word' id='word_1_89' title='bbox 1149 1258 1226 1286; x_wconf 91' lang='lat' dir='ltr'><strong>me</strong></span> <span class='ocrx_word' id='word_1_90' title='bbox 1251 1238 1384 1285; x_wconf 82' lang='lat' dir='ltr'><strong>istud</strong></span> 
     </span>
     <span class='ocr_line' id='line_1_15' title="bbox 31 1324 1381 1386; baseline -0.003 -15"><span class='ocrx_word' id='word_1_91' title='bbox 31 1326 271 1379; x_wconf 58' lang='lat' dir='ltr'><strong>„consilio</strong></span> <span class='ocrx_word' id='word_1_92' title='bbox 308 1324 476 1371; x_wconf 84' lang='lat' dir='ltr'><strong>fecisse</strong></span> <span class='ocrx_word' id='word_1_93' title='bbox 513 1342 610 1386; x_wconf 91' lang='lat' dir='ltr'><strong>quo</strong></span> <span class='ocrx_word' id='word_1_94' title='bbox 654 1326 930 1386; x_wconf 87' lang='lat' dir='ltr'><strong>potentiam</strong></span> <span class='ocrx_word' id='word_1_95' title='bbox 976 1341 1138 1371; x_wconf 86' lang='lat' dir='ltr'><strong>meam</strong></span> <span class='ocrx_word' id='word_1_96' title='bbox 1180 1324 1232 1368; x_wconf 91' lang='lat' dir='ltr'><strong>in</strong></span> <span class='ocrx_word' id='word_1_97' title='bbox 1280 1338 1381 1374; x_wconf 76' lang='lat' dir='ltr'><strong>e05‚</strong></span> 
     </span>
     <span class='ocr_line' id='line_1_16' title="bbox 33 1406 1384 1471; baseline -0.003 -18"><span class='ocrx_word' id='word_1_98' title='bbox 33 1425 274 1471; x_wconf 55' lang='lat' dir='ltr'>„quorum</span> <span class='ocrx_word' id='word_1_99' title='bbox 307 1408 576 1470; x_wconf 86' lang='lat' dir='ltr'><strong>disciplinis</strong></span> <span class='ocrx_word' id='word_1_100' title='bbox 610 1408 862 1454; x_wconf 88' lang='lat' dir='ltr'><strong>institutus</strong></span> <span class='ocrx_word' id='word_1_101' title='bbox 896 1425 1075 1464; x_wconf 76' lang='lat' dir='ltr'><strong>essem,</strong></span> <span class='ocrx_word' id='word_1_102' title='bbox 1111 1406 1286 1468; x_wconf 88' lang='lat' dir='ltr'><strong>aliquis</strong></span> <span class='ocrx_word' id='word_1_103' title='bbox 1307 1420 1384 1450; x_wconf 86' lang='lat' dir='ltr'><strong>ex·</strong></span> 
     </span>
     <span class='ocr_line' id='line_1_17' title="bbox 35 1486 1384 1555; baseline -0.005 -17"><span class='ocrx_word' id='word_1_104' title='bbox 35 1493 318 1555; x_wconf 60' lang='lat' dir='ltr'><strong>„periretun</strong></span> <span class='ocrx_word' id='word_1_105' title='bbox 366 1492 563 1538; x_wconf 87' lang='lat' dir='ltr'>Etenim</span> <span class='ocrx_word' id='word_1_106' title='bbox 598 1492 638 1536; x_wconf 92' lang='lat' dir='ltr'><strong>si</strong></span> <span class='ocrx_word' id='word_1_107' title='bbox 673 1491 726 1536; x_wconf 84' lang='lat' dir='ltr'><strong>id</strong></span> <span class='ocrx_word' id='word_1_108' title='bbox 758 1492 889 1538; x_wconf 87' lang='lat' dir='ltr'><strong>facto</strong></span> <span class='ocrx_word' id='word_1_109' title='bbox 926 1509 1049 1554; x_wconf 87' lang='lat' dir='ltr'><strong>opus</strong></span> <span class='ocrx_word' id='word_1_110' title='bbox 1095 1491 1238 1542; x_wconf 77' lang='lat' dir='ltr'><strong>esset,</strong></span> <span class='ocrx_word' id='word_1_111' title='bbox 1288 1486 1384 1532; x_wconf 90' lang='lat' dir='ltr'><strong>uti-</strong></span> 
     </span>
     <span class='ocr_line' id='line_1_18' title="bbox 35 1568 1384 1638; baseline -0.007 -16"><span class='ocrx_word' id='word_1_112' title='bbox 35 1593 162 1638; x_wconf 77' lang='lat' dir='ltr'><strong>„que</strong></span> <span class='ocrx_word' id='word_1_113' title='bbox 203 1593 298 1622; x_wconf 88' lang='lat' dir='ltr'><strong>una</strong></span> <span class='ocrx_word' id='word_1_114' title='bbox 349 1592 463 1622; x_wconf 86' lang='lat' dir='ltr'><strong>cum</strong></span> <span class='ocrx_word' id='word_1_115' title='bbox 511 1575 724 1620; x_wconf 82' lang='lat' dir='ltr'><strong>exercitu</strong></span> <span class='ocrx_word' id='word_1_116' title='bbox 772 1576 1049 1637; x_wconf 84' lang='lat' dir='ltr'><strong>martioque</strong></span> <span class='ocrx_word' id='word_1_117' title='bbox 1092 1585 1277 1619; x_wconf 85' lang='lat' dir='ltr'><strong>terrore</strong></span> <span class='ocrx_word' id='word_1_118' title='bbox 1323 1568 1384 1614; x_wconf 82' lang='lat' dir='ltr'><strong>ad</strong></span> 
     </span>
     <span class='ocr_line' id='line_1_19' title="bbox 24 1655 1382 1718; baseline -0.005 -13"><span class='ocrx_word' id='word_1_119' title='bbox 24 1671 220 1713; x_wconf 29' lang='lat' dir='ltr'><strong>svestra</strong></span> <span class='ocrx_word' id='word_1_120' title='bbox 272 1660 467 1705; x_wconf 84' lang='lat' dir='ltr'><strong>moenia</strong></span> <span class='ocrx_word' id='word_1_121' title='bbox 522 1659 935 1705; x_wconf 82' lang='lat' dir='ltr'><strong>transcendissem.</strong></span> <span class='ocrx_word' id='word_1_122' title='bbox 1007 1656 1099 1704; x_wconf 83' lang='lat' dir='ltr'><strong>Sed</strong></span> <span class='ocrx_word' id='word_1_123' title='bbox 1146 1655 1382 1718; x_wconf 88' lang='lat' dir='ltr'><strong>quoniam</strong></span> 
     </span>
     <span class='ocr_line' id='line_1_20' title="bbox 34 1738 1381 1796; baseline -0.005 -7"><span class='ocrx_word' id='word_1_124' title='bbox 34 1745 182 1796; x_wconf 53' lang='lat' dir='ltr'><strong>„haec</strong></span> <span class='ocrx_word' id='word_1_125' title='bbox 216 1743 478 1790; x_wconf 84' lang='lat' dir='ltr'><strong>ostentatio</strong></span> <span class='ocrx_word' id='word_1_126' title='bbox 512 1743 713 1788; x_wconf 86' lang='lat' dir='ltr'><strong>inimica</strong></span> <span class='ocrx_word' id='word_1_127' title='bbox 748 1743 826 1788; x_wconf 89' lang='lat' dir='ltr'><strong>vel</strong></span> <span class='ocrx_word' id='word_1_128' title='bbox 856 1743 1041 1789; x_wconf 83' lang='lat' dir='ltr'><strong>hostica</strong></span> <span class='ocrx_word' id='word_1_129' title='bbox 1066 1752 1161 1792; x_wconf 85' lang='lat' dir='ltr'><strong>est,</strong></span> <span class='ocrx_word' id='word_1_130' title='bbox 1199 1738 1381 1783; x_wconf 88' lang='lat' dir='ltr'><strong>idcirco</strong></span> 
     </span>
     <span class='ocr_line' id='line_1_21' title="bbox 32 1820 1382 1888; baseline -0.007 -16"><span class='ocrx_word' id='word_1_131' title='bbox 32 1825 462 1888; x_wconf 58' lang='lat' dir='ltr'><strong>&gt;xprudentissimos</strong></span> <span class='ocrx_word' id='word_1_132' title='bbox 518 1836 735 1871; x_wconf 83' lang='lat' dir='ltr'><strong>vestrum</strong></span> <span class='ocrx_word' id='word_1_133' title='bbox 792 1824 1054 1870; x_wconf 87' lang='lat' dir='ltr'><strong>convenire</strong></span> <span class='ocrx_word' id='word_1_134' title='bbox 1118 1820 1382 1881; x_wconf 85' lang='lat' dir='ltr'><strong>conloquio</strong></span> 
     </span>
     <span class='ocr_line' id='line_1_22' title="bbox 37 1901 1381 1964; baseline -0.007 -9"><span class='ocrx_word' id='word_1_135' title='bbox 37 1927 177 1964; x_wconf 64' lang='lat' dir='ltr'><strong>»meo</strong></span> <span class='ocrx_word' id='word_1_136' title='bbox 213 1908 391 1962; x_wconf 87' lang='lat' dir='ltr'><strong>malui,</strong></span> <span class='ocrx_word' id='word_1_137' title='bbox 436 1917 490 1953; x_wconf 89' lang='lat' dir='ltr'><strong>ut</strong></span> <span class='ocrx_word' id='word_1_138' title='bbox 534 1924 647 1953; x_wconf 88' lang='lat' dir='ltr'><strong>cum</strong></span> <span class='ocrx_word' id='word_1_139' title='bbox 691 1907 765 1953; x_wconf 92' lang='lat' dir='ltr'><strong>his</strong></span> <span class='ocrx_word' id='word_1_140' title='bbox 812 1906 1086 1953; x_wconf 88' lang='lat' dir='ltr'><strong>communis</strong></span> <span class='ocrx_word' id='word_1_141' title='bbox 1130 1901 1381 1950; x_wconf 86' lang='lat' dir='ltr'>commodi</span> 
     </span>
     <span class='ocr_line' id='line_1_23' title="bbox 35 1978 1385 2055; baseline -0.007 -16"><span class='ocrx_word' id='word_1_142' title='bbox 35 1993 362 2055; x_wconf 64' lang='lat' dir='ltr'><strong>„disceptator</strong></span> <span class='ocrx_word' id='word_1_143' title='bbox 422 1978 633 2038; x_wconf 75' lang='lat' dir='ltr'><strong>subsicui</strong></span> <span class='ocrx_word' id='word_1_144' title='bbox 661 1989 706 2024; x_wconf 74' lang='lat'><strong>(⁶)</strong></span> <span class='ocrx_word' id='word_1_145' title='bbox 761 2002 919 2037; x_wconf 87' lang='lat' dir='ltr'><strong>metus</strong></span> <span class='ocrx_word' id='word_1_146' title='bbox 978 2006 1066 2036; x_wconf 86' lang='lat' dir='ltr'><strong>vos</strong></span> <span class='ocrx_word' id='word_1_147' title='bbox 1115 1986 1385 2036; x_wconf 75' lang='lat' dir='ltr'><strong>Formidine</strong></span> 
     </span>
     <span class='ocr_line' id='line_1_24' title="bbox 33 2078 317 2131; baseline -0.007 -7"><span class='ocrx_word' id='word_1_148' title='bbox 33 2078 317 2131; x_wconf 68' lang='lat' dir='ltr'><strong>‚‚solverem.</strong></span> 
     </span>
    </p>

    <p class='ocr_par' dir='ltr' id='par_1_6' title="bbox 35 2154 1384 2303">
     <span class='ocr_line' id='line_1_25' title="bbox 131 2154 1384 2219; baseline -0.006 -14"><span class='ocrx_word' id='word_1_149' title='bbox 131 2163 282 2205; x_wconf 92' lang='lat' dir='ltr'><strong>XXII.</strong></span> <span class='ocrx_word' id='word_1_150' title='bbox 336 2159 630 2214; x_wconf 80' lang='lat' dir='ltr'><strong>„Enimvero</strong></span> <span class='ocrx_word' id='word_1_151' title='bbox 677 2174 765 2205; x_wconf 90' lang='lat' dir='ltr'><strong>vos</strong></span> <span class='ocrx_word' id='word_1_152' title='bbox 810 2156 895 2219; x_wconf 88' lang='lat' dir='ltr'><strong>qui</strong></span> <span class='ocrx_word' id='word_1_153' title='bbox 941 2154 1234 2201; x_wconf 86' lang='lat' dir='ltr'><strong>conscientia</strong></span> <span class='ocrx_word' id='word_1_154' title='bbox 1276 2169 1384 2215; x_wconf 81' lang='lat' dir='ltr'><strong>pre·</strong></span> 
     </span>
     <span class='ocr_line' id='line_1_26' title="bbox 35 2235 1384 2303; baseline -0.006 -14"><span class='ocrx_word' id='word_1_155' title='bbox 35 2244 351 2299; x_wconf 74' lang='lat' dir='ltr'><strong>„meremini,</strong></span> <span class='ocrx_word' id='word_1_156' title='bbox 386 2243 514 2288; x_wconf 85' lang='lat' dir='ltr'><strong>nihil</strong></span> <span class='ocrx_word' id='word_1_157' title='bbox 549 2242 754 2289; x_wconf 88' lang='lat' dir='ltr'><strong>omnino</strong></span> <span class='ocrx_word' id='word_1_158' title='bbox 776 2240 926 2288; x_wconf 88' lang='lat' dir='ltr'><strong>semel</strong></span> <span class='ocrx_word' id='word_1_159' title='bbox 943 2236 996 2271; x_wconf 68' lang='lat' dir='ltr'><strong>(d)</strong></span> <span class='ocrx_word' id='word_1_160' title='bbox 1033 2255 1140 2303; x_wconf 85' lang='lat' dir='ltr'><strong>erga</strong></span> <span class='ocrx_word' id='word_1_161' title='bbox 1166 2252 1274 2283; x_wconf 83' lang='lat' dir='ltr'><strong>mea</strong></span> <span class='ocrx_word' id='word_1_162' title='bbox 1297 2235 1384 2282; x_wconf 68' lang='lat' dir='ltr'><strong>ob-</strong></span> 
     </span>
    </p>
   </div>
   <div class='ocr_carea' id='block_1_6' title="bbox 355 2345 372 2358">
    <p class='ocr_par' dir='ltr' id='par_1_7' title="bbox 355 2345 372 2358">
     <span class='ocr_line' id='line_1_27' title="bbox 355 2345 372 2358; baseline 0 0"><span class='ocrx_word' id='word_1_163' title='bbox 355 2345 372 2358; x_wconf 59' lang='grc' dir='ltr'>ἱ</span> 
     </span>
    </p>
   </div>
   <div class='ocr_carea' id='block_1_7' title="bbox 38 2363 1382 2382">
    <p class='ocr_par' dir='ltr' id='par_1_8' title="bbox 38 2363 1382 2382">
     <span class='ocr_line' id='line_1_28' title="bbox 38 2363 1382 2382; baseline 0 734"><span class='ocrx_word' id='word_1_164' title='bbox 38 2363 1382 2382; x_wconf 95' lang='lat' dir='ltr'><strong> </strong></span> 
     </span>
    </p>
   </div>
   <div class='ocr_carea' id='block_1_8' title="bbox 69 2424 1357 2469">
    <p class='ocr_par' dir='ltr' id='par_1_9' title="bbox 69 2424 1357 2469">
     <span class='ocr_line' id='line_1_29' title="bbox 69 2424 1357 2469; baseline -0.009 -6"><span class='ocrx_word' id='word_1_165' title='bbox 69 2436 124 2468; x_wconf 83' lang='lat' dir='ltr'><strong>(a)</strong></span> <span class='ocrx_word' id='word_1_166' title='bbox 150 2434 235 2463; x_wconf 86' lang='lat' dir='ltr'><strong>Cod.</strong></span> <span class='ocrx_word' id='word_1_167' title='bbox 259 2433 498 2469; x_wconf 82' lang='lat' dir='ltr'><strong>acfaccionum.</strong></span> <span class='ocrx_word' id='word_1_168' title='bbox 531 2429 578 2466; x_wconf 77' lang='lat' dir='ltr'><strong>(b)</strong></span> <span class='ocrx_word' id='word_1_169' title='bbox 600 2431 800 2467; x_wconf 78' lang='lat' dir='ltr'><strong>transferri.</strong></span> <span class='ocrx_word' id='word_1_170' title='bbox 841 2430 885 2464; x_wconf 87' lang='lat' dir='ltr'><strong>(c)</strong></span> <span class='ocrx_word' id='word_1_171' title='bbox 908 2430 959 2458; x_wconf 75' lang='lat' dir='ltr'><strong>lta</strong></span> <span class='ocrx_word' id='word_1_172' title='bbox 985 2426 1063 2457; x_wconf 82' lang='lat' dir='ltr'><strong>cod.</strong></span> <span class='ocrx_word' id='word_1_173' title='bbox 1099 2425 1153 2459; x_wconf 74' lang='lat' dir='ltr'><strong>(d)</strong></span> <span class='ocrx_word' id='word_1_174' title='bbox 1174 2424 1256 2455; x_wconf 79' lang='lat' dir='ltr'><strong>eod.</strong></span> <span class='ocrx_word' id='word_1_175' title='bbox 1279 2431 1357 2453; x_wconf 81' lang='lat' dir='ltr'><strong>sem.</strong></span> 
     </span>
    </p>
   </div>
   <div class='ocr_carea' id='block_1_9' title="bbox 32 2508 1382 2531">
    <p class='ocr_par' dir='ltr' id='par_1_10' title="bbox 32 2508 1382 2531">
     <span class='ocr_line' id='line_1_30' title="bbox 32 2508 1382 2531; baseline -0.007 -5"><span class='ocrx_word' id='word_1_176' title='bbox 32 2508 1382 2531; x_wconf 45' lang='grc' dir='ltr'><em>Μ</em></span> 
     </span>
    </p>
   </div>
   <div class='ocr_carea' id='block_1_10' title="bbox 92 2581 1091 2634">
    <p class='ocr_par' dir='ltr' id='par_1_11' title="bbox 92 2581 1091 2634">
     <span class='ocr_line' id='line_1_31' title="bbox 92 2581 1091 2634; baseline -0.01 -12"><span class='ocrx_word' id='word_1_177' title='bbox 92 2589 150 2634; x_wconf 78' lang='lat'><strong>(1)</strong></span> <span class='ocrx_word' id='word_1_178' title='bbox 181 2589 313 2624; x_wconf 67' lang='lat' dir='ltr'>Confer</span> <span class='ocrx_word' id='word_1_179' title='bbox 341 2587 543 2622; x_wconf 83' lang='lat' dir='ltr'>Diodorum</span> <span class='ocrx_word' id='word_1_180' title='bbox 567 2595 670 2620; x_wconf 72' lang='lat' dir='ltr'><strong>xvn.</strong></span> <span class='ocrx_word' id='word_1_181' title='bbox 696 2589 749 2619; x_wconf 70' lang='grc'><strong>15.</strong></span> <span class='ocrx_word' id='word_1_182' title='bbox 780 2581 957 2617; x_wconf 73' lang='lat' dir='ltr'><strong>Iustinum</strong></span> <span class='ocrx_word' id='word_1_183' title='bbox 977 2589 1034 2615; x_wconf 81' lang='lat'><strong>11.</strong></span> <span class='ocrx_word' id='word_1_184' title='bbox 1059 2584 1091 2615; x_wconf 69' lang='lat'><strong>4.</strong></span> 
     </span>
    </p>
   </div>
  </div>
 </body>
</html>
