1752 3116
611 188 873 224 PRAEFATIO
1339 199 1414 225 :1111

68 296 328 354 prehendat,
367 313 496 353 quum
535 298 580 335 in
614 296 729 335 omni
768 295 925 350 scripto
955 295 1086 352 magis
1119 294 1307 335 offendat
1343 297 1412 336 ni-

70 357 200 394 mium
223 369 345 408 quam
368 353 545 410 parum?
570 353 670 391 Fuit
693 363 832 391 autem
854 351 1079 408 singularis
1104 353 1408 407 quodammodo

69 412 299 467 potiorque
325 426 446 452 causa
474 409 743 465 quamobrem
764 408 872 449 facta
895 408 1123 448 Alexandri
1151 410 1202 448 ad
1228 410 1409 450 Itinera-

68 469 124 508 rii
152 469 360 508 rationem
395 467 751 507 describerentur.
792 466 961 506 Etenim
983 470 1270 510 Macedonum
1293 485 1410 522 spe5‚

66 536 115 564 ut
147 539 262 563 meus
286 526 430 581 inquit
450 525 609 564 Fronto
629 525 678 557 (ι)
710 528 924 566 torrentis
947 526 1076 566 modo
1096 541 1253 579 magna
1275 532 1322 569 vi
1341 542 1411 567 or-

65 595 163 635 tae,
196 584 318 626 brevi
338 587 412 625 die
437 585 699 634 occiderunt,
730 597 908 639 quorum
929 585 1057 623 unius
1077 582 1286 625 humanae
1311 599 1410 636 pro·

64 643 120 680 Ιίς
142 651 289 682 aetate
313 643 542 694 imperium
566 643 805 681 extinctum
831 649 910 683 esc.
961 637 1230 676 Incredibilis
1255 639 1325 677 illa
1345 653 1412 678 ce·-

64 695 236 745 leritas,
267 710 348 749 qua
381 710 554 753 magnus
576 694 813 734 Alexander
838 705 1042 733 terrarum
1071 694 1215 734 orbem
1238 710 1410 750 percur-

64 753 125 792 rit
157 767 202 791 ac
232 752 419 801 domuit,
451 754 526 793 vix
547 753 713 808 aptiore
738 752 879 806 specie
903 752 1049 806 potuit
1081 753 1261 806 exprimi
1285 768 1409 807 quam

63 809 296 849 Itinerarii.
355 810 576 848 Praeterea
601 823 731 863 quum
754 818 822 848 tot
842 808 913 847 ille
939 809 1135 865 regiones
1159 824 1249 847 cum
1271 811 1410 849 victo-

63 881 111 905 re
141 867 331 905 exercitu
364 866 544 914 adierit,
588 867 663 920 qui
694 865 887 905 breviter
919 866 1267 915 eius4historiam
1298 881 1411 905 com-

61 923 189 978 plecti
222 923 352 972 velit,
380 924 417 962 is
451 923 562 962 haud
597 923 719 962 aliter
758 936 834 960 suo
859 921 1061 978 fungetur
1089 921 1255 971 officio,
1286 938 1410 977 quam

63 979 262 1037 diligenti
298 981 502 1018 itinerum
543 980 784 1018 notatione.
848 978 1000 1034 Itaque
1043 979 1124 1019 hoc
1160 981 1410 1018 institutum

65 1035 278 1075 scribendi
312 1036 363 1075 de
388 1037 655 1085 Alexandro,
695 1051 782 1075 non
816 1037 1016 1090 primitus
1049 1036 1128 1075 suh
1155 1034 1409 1076 Constantio

66 1103 264 1132 exortum
306 1104 396 1144 est,
440 1093 512 1131 sed
543 1095 626 1132 iam
657 1093 755 1132 inde
792 1108 815 1131 a
843 1095 1107 1148 pervetustis
1140 1094 1408 1149 temporibus

67 1151 367 1206 excogitatum.
426 1150 644 1189 Diodotus
683 1150 958 1202 erythranS,
1002 1151 1215 1189 Eumenes
1252 1150 1409 1190 cardia-

64 1221 144 1245 nus
168 1208 426 1261 &trattisq-ue
457 1208 704 1259 Olynthius,
730 1206 924 1259 aequales
950 1215 998 1242 ut
1018 1205 1203 1245 creditur
1227 1207 1410 1245 Alexan-

67 1262 156 1311 dri,
187 1263 478 1317 ephemeridaa
504 1261 717 1311 eiusdem,
747 1275 923 1315 quarum
946 1271 988 1299 et
1008 1261 1241 1318 fragmenta
1261 1278 1410 1318 super-

65 1330 188 1368 sunt,
220 1321 576 1359 concinnaverunt
595 1324 659 1357 (Β).
720 1319 994 1357 Itinerarium
1020 1319 1252 1358 Alexandri
1279 1322 1411 1376 scrip-

66 1386 212 1415 serunt
240 1377 344 1414 item
369 1376 531 1415 Baeton
560 1385 601 1413 et
627 1376 874 1432 Diognetus
908 1376 1139 1414 stationum
1171 1378 1261 1414 eius
1291 1393 1411 1415 men-

66 1447 208 1480 sores,
251 1433 429 1488 eiusque
465 1434 605 1488 operis
639 1432 848 1487 reliquiae
878 1430 1102 1471 laudantur
1127 1447 1147 1470 a
1175 1433 1313 1473 Plinio
1333 1435 1412 1482 (ὅ),

65 1500 192 1544 atque
221 1488 430 1529 Strabone
459 1493 526 1528 (4).
577 1488 696 1527 Idem
730 1488 955 1542 scripserat
987 1499 1032 1527 et
1055 1490 1284 1529 Archelaus
1313 1494 1410 1546 qui-

65 1546 182 1594 dam,
223 1547 289 1584 uti
316 1557 458 1586 narrat
484 1547 685 1585 Laertius
716 1547 790 1585 (⁵22
833 1544 1017 1599 denique
1055 1558 1098 1586 et
1126 1547 1199 1585 ille
1228 1545 1410 1588 fortasse

65 1605 270 1654 Amyntas
315 1619 441 1658 quem
478 1602 622 1643 laudat
656 1602 901 1641 Athenaeus
933 1602 1001 1642 (6).
1062 1606 1171 1642 Tum
1208 1603 1409 1654 Nearchi,

69 1675 196 1716 quem
223 1660 463 1700 Alexander
488 1659 538 1699 ad
562 1674 728 1699 cursum
758 1659 1014 1698 maritimum
1041 1661 1183 1709 misit,
1216 1662 1413 1717 epheme-

67 1717 179 1756 ridas
213 1732 345 1772 paene
377 1719 563 1775 integras
595 1717 641 1755 in
673 1715 812 1754 indica
844 1716 1025 1756 historia
1051 1719 1256 1756 Arrianus
1291 1720 1410 1758 exhi·

64 1774 140 1814 bet
161 1774 225 1813 (7),
282 1775 409 1819 Nunc
433 1775 593 1831 insigni
632 1772 836 1813 felicitate
873 1776 1111 1831 contingit,
1152 1784 1200 1813 ut
1225 1776 1413 1815 Alexan-

68 1830 134 1869 dri
160 1830 338 1886 prodeat
366 1831 640 1870 Itinerarium
675 1828 725 1867 ab
760 1829 932 1868 homine
968 1833 1070 1869 satis
1098 1832 1276 1886 antiquo
1313 1832 1411 1872 dili-

65 1890 269 1945 gentique
298 1888 559 1935 confectum,
590 1901 681 1925 cum
703 1895 772 1924 tot
796 1886 865 1924 illa
887 1899 1157 1927 monumenta
1194 1898 1236 1927 et
1269 1889 1411 1928 subsi-

68 1945 152 1995 dia,
184 1946 341 1999 quihus
365 1943 597 1985 Alexandri
621 1943 799 1982 historia
825 1944 1059 1994 nitebatur,
1089 1945 1277 1985 nondum
1297 1956 1411 1986 aetas

123 2118 182 2165 (1)
212 2119 360 2167 Princip.
385 2118 506 2156 histor.
535 2122 664 2167 fragm.
691 2119 722 2154 Ι.

124 2176 184 2223 (2)
211 2179 420 2212 Plutarchus
451 2179 510 2211 nit.
542 2177 649 2213 Alex.
686 2189 722 2224 p.
752 2181 807 2212 93.
853 2177 955 2211 Idem
989 2190 1146 2226 sympos.
1189 2181 1251 2214 lib.
1286 2181 1315 2213 Ι.
1355 2178 1411 2211 ed.

67 2234 176 2280 paris.
207 2245 261 2267 an.
288 2240 496 2268 mncxxrv.
540 2233 584 2266 T.
617 2234 667 2267 ΙΙ.
694 2246 730 2280 p.
763 2239 840 2268 623.
876 2235 1082 2270 Athenaeus
1115 2237 1177 2270 lib.
1209 2251 1243 2272 x.
1275 2250 1309 2282 p.
1334 2240 1411 2271 454-

66 2291 236 2328 Aelianus
257 2302 326 2324 oar.
346 2291 426 2324 hist.
449 2291 519 2324 III·
545 2294 599 2322 23.
622 2290 749 2325 Suidas
775 2303 852 2325 voc.
876 2291 1050 2340 Στράττις.

125 2346 184 2392 (5)
215 2347 296 2382 Lib.
317 2357 368 2380 v1.
389 2355 473 2380 sect.
488 2351 529 2378 21
544 2370 553 2379 .
574 2357 642 2380 vn.
670 2357 753 2381 sect.
780 2355 812 2381 2.

124 2403 184 2449 (4)
216 2404 297 2439 Lib.
322 2415 380 2437 xv.
401 2415 436 2448 p.
455 2408 533 2438 726.

125 2459 184 2505 (5)
215 2461 294 2494 Lib.
320 2461 368 2494 11.
391 2465 446 2493 17.

127 2516 186 2562 (6)
218 2517 298 2552 Lib.
324 2527 376 2551 11.
406 2529 441 2563 p.
475 2520 550 2550 500.

128 2573 187 2620 (7)
219 2575 304 2620 Cap.
328 2586 388 2608 xx.
418 2581 451 2606 et
475 2584 571 2619 seqq.
