1752 3116
260 189 311 228 28
734 186 1129 229 ITINERARIVM

366 304 489 347 XIV.
550 306 737 348 Statura
782 302 967 348 iuvenis
1025 301 1309 356 mediocris,
1367 300 1599 348 membris

256 385 522 437 exsuccior,
558 384 641 430 sed
676 402 797 449 quae
827 386 982 430 nullas
1016 385 1226 430 ferventi
1254 402 1413 431 moras
1449 383 1601 430 adfer-

254 477 352 510 ret:
402 467 532 527 quod
577 468 687 530 plus
732 469 842 514 usui
878 484 1023 529 quam
1059 467 1364 528 contemptui
1386 466 1437 499 (ι)
1470 467 1602 512 leno-

255 549 509 595 cinaretur.
591 550 926 598 Crebrioribus
965 551 1146 613 quippe
1193 552 1424 597 musculis
1468 549 1605 596 tube-

253 647 464 685 rascens‚
510 633 646 678 miris
680 650 943 680 nervorum
991 633 1210 680 coetibus
1245 633 1602 680 intendebatur.

252 716 428 762 Pernix
473 733 611 762 cursu
657 734 751 779 quo
796 717 966 770 vellet,
1012 728 1061 762 et
1107 719 1364 763 vehemens
1414 717 1604 778 impetu

254 816 351 861 quo
397 799 659 845 miraretur
681 799 756 844 (ωε
810 800 992 845 nimius
1040 812 1290 847 tormento
1340 799 1601 853 iaculandi,

253 881 498 928 continari
521 877 567 911 (ὢ
604 898 748 943 quem
772 883 1055 929 destinasset
1081 883 1286 946 peritus,
1324 884 1513 930 fervens
1542 883 1605 927 ir·-

251 981 390 1010 ruere
423 982 516 1026 quo
542 965 837 1027 audendum,
875 979 1097 1013 constans
1130 963 1349 1029 eizcipere
1375 968 1460 1029 qui
1491 983 1604 1012 con-

249 1046 444 1102 fideret,
517 1050 703 1095 eminus
752 1061 936 1103 certus,
1002 1052 1278 1096 comminus
1333 1050 1600 1102 violentus,

249 1147 394 1192 eques
432 1131 739 1195 improvidus
775 1132 1120 1197 turbidusque,
1168 1133 1314 1197 pedes
1349 1133 1602 1179 interritus

246 1215 585 1276 pervicaxque.

346 1300 446 1342 XV.
484 1300 675 1344 Multus
722 1297 783 1343 ad.
827 1299 1031 1362 imperia
1069 1299 1443 1353 difficultatum,
1490 1314 1604 1344 one-

246 1380 403 1427 rosior
438 1393 601 1427 tamen
638 1383 850 1444 exempli
884 1383 1070 1444 proprii
1105 1384 1447 1429 irritamentis:
1487 1398 1603 1443 quo-

245 1464 380 1508 niam
426 1463 559 1511 bono
606 1483 752 1526 opere
803 1466 1075 1528 praeveniri
1116 1466 1339 1528 pudibile
1381 1464 1600 1519 ducebat,

245 1547 471 1593 iuventae
508 1566 682 1594 munus
720 1567 745 1594 e
781 1566 984 1612 corpore
1011 1551 1234 1596 alacriter
1257 1561 1440 1611 petens.
1494 1554 1602 1611 Ipse

245 1629 424 1675 barbae
450 1644 614 1678 acutae
645 1632 812 1678 durior
837 1645 885 1679 et
920 1647 1076 1681 cetera
1112 1632 1366 1680 candidus:
1404 1644 1453 1678 et
1478 1649 1602 1694 quae

245 1712 339 1759 sibi
374 1730 486 1759 sane.
523 1717 726 1777 quisque
760 1717 940 1762 rectius
979 1718 1223 1776 consulat,
1262 1729 1346 1762 aut
1375 1717 1469 1778 ipsi
1504 1734 1602 1761 cer-

243 1808 293 1841 te
327 1797 613 1858 imperatori
649 1799 728 1843 vel
762 1800 912 1848 militi
948 1801 1080 1845 velit.
1153 1801 1343 1863 Quippe
1383 1817 1471 1863 ego
1506 1800 1602 1846 tibi

243 1879 577 1926 Alexandrum
613 1881 844 1935 dixerim,
884 1893 935 1927 tu
972 1894 1020 1928 te
1055 1882 1220 1929 videto
1242 1883 1308 1930 (²).
1345 1888 1475 1929 Nam
1511 1901 1600 1929 nec

275 2002 327 2033 (a)
354 2004 405 2030 lta
430 2002 507 2030 cod.
535 2001 605 2029 nisi
626 2003 733 2029 mavis
757 2001 960 2031 minaretur.
999 2001 1046 2035 (b)
1072 2006 1123 2031 lta
1149 2002 1224 2031 cod.
1256 2003 1427 2031 sentinari
1447 2012 1463 2030 a
1485 2010 1600 2032 contus

242 2058 366 2086 nempe
401 2050 560 2080 iaculum.
613 2052 733 2087 ltaque
757 2053 928 2085 concz'nor,
965 2054 1039 2082 aris
1068 2053 1158 2081 idem
1184 2052 1325 2082 videtur
1355 2051 1447 2088 quod
1471 2051 1599 2081 iaculor-

243 2100 327 2127 arz's.
366 2100 440 2128 Nisi
461 2101 550 2129 forte
575 2100 815 2136 corrigendum
842 2107 894 2130 est
916 2101 1109 2131 conlineare
1131 2103 1186 2130 vel
1205 2100 1389 2131 conlmusre
1412 2103 1488 2141 qud.

299 2190 356 2235 (1)
395 2192 623 2239 Contemptus
640 2194 707 2226 hoc
733 2195 810 2227 loco
836 2195 998 2240 usurpari
1022 2195 1163 2228 videtur
1183 2209 1246 2241 pro
1271 2197 1493 2230 incremento.
1526 2198 1595 2231 At-

242 2260 310 2297 que
332 2249 426 2282 haud
446 2250 516 2283 scio
532 2263 575 2283 an
595 2252 660 2284 huc
682 2251 845 2284 trahendi
865 2252 934 2285 siut
959 2252 1028 2285 loci
1040 2253 1197 2286 Lucretii
1214 2254 1274 2286 lib.
1288 2254 1333 2286 V.
1348 2258 1423 2287 851.
1449 2262 1482 2286 et
1499 2258 1594 2287 1276.

411 2322 523 2356 Porro
547 2321 649 2355 aliud
674 2327 863 2358 concrescit
891 2335 925 2359 et
950 2339 968 2358 e
996 2325 1225 2358 cmzlemtibus
1250 2327 1340 2360 exit.

409 2378 521 2414 Porro
557 2379 659 2413 aliud
689 2383 843 2415 smcmlic
880 2391 914 2415 et
945 2396 962 2415 ε
993 2381 1224 2416 contemlibns
1250 2384 1339 2417 exit.

297 2451 354 2496 (2)
388 2452 600 2486 Ammianus
638 2463 726 2486 xxi.
761 2460 816 2488 16.
862 2455 1110 2490 Constantium
1142 2456 1196 2489 his
1236 2455 1413 2489 coloribus
1451 2456 1589 2502 pingit:

242 2508 435 2555 Fquitamlz‘
469 2519 504 2542 er
533 2508 714 2542 iar-alandi
745 2513 968 2558 maximeque
1001 2514 1114 2557 perite
1141 2513 1323 2559 dirigendi
1353 2515 1506 2559 sagittas
1531 2527 1593 2546 ar·

239 2568 394 2613 :iamque
418 2575 621 2601 armaturae
643 2569 815 2613 pcdmris
837 2582 1007 2616 perquam
1026 2571 1162 2604 scienti»
1176 2573 1272 2604 ‚imm
1297 2595 1303 2602 .
1323 2595 1330 2602 .
1350 2594 1358 2603 .
1377 2594 1383 2601 .
1403 2594 1410 2602 .
1458 2571 1593 2617 Figura
