1752 3116
339 131 418 165 222
707 126 1060 167 ALEXANDRI
1090 126 1294 166 OBITVS

340 239 413 294 „si
446 237 506 284 ad
541 238 930 303 futuraquoque
965 238 1242 285 discrimina
1287 240 1417 286 solus
1451 240 1523 285 ire
1566 254 1679 284 con-

341 353 360 376 »
371 323 548 384 pellar,
585 340 699 369 cum
732 321 975 384 prioribus
1010 338 1202 385 quoque
1235 323 1366 369 solus
1401 322 1554 368 animi
1584 321 1680 367 vir-

343 417 476 459 „tute
507 405 810 452 subfecerim.

450 492 533 534 111,
578 493 780 550 „Neque
826 473 951 534 mihi
995 501 1066 535 est
1109 487 1337 541 arduum,
1390 485 1684 533 Macedones

342 572 498 630 „mei‚
534 571 702 617 eadem
736 573 986 618 consulere
1024 589 1152 618 nunc
1188 571 1362 634 quibus
1407 587 1494 617 vos
1529 581 1686 616 rectos

344 653 428 707 „in
462 655 586 700 hanc
619 655 751 700 solus
784 655 1138 716 possessionem
1171 654 1406 700 victoriae
1439 648 1685 707 duxerim,

344 736 478 789 „sola
513 736 668 782 ferme
702 753 812 782 cura
848 737 1162 799 imperatoria
1196 738 1412 782 militans
1458 736 1510 781 in
1558 736 1690 780 hisce
1743 779 1746 784 .

345 836 492 881 „quas
538 819 834 866 consecerim
886 820 1273 881 expeditionibus
1295 820 1361 866 (a).
1410 818 1521 865 Nisi
1565 817 1694 864 forte

345 901 510 956 „istud
545 919 571 948 a
605 919 684 948 me
718 903 1018 967 arrogantius
1060 920 1115 949 ac
1157 920 1258 949 non
1305 903 1465 949 verius
1507 901 1694 947 dictum

346 1002 478 1038 „esse
513 986 787 1031 miremini:
834 1003 945 1031 cum
989 1003 1144 1031 unum
1184 985 1388 1048 quodvis
1431 986 1696 1047 imperato-

346 1098 365 1121 »
379 1069 510 1113 rium
530 1069 718 1129 sapiens
743 1069 1050 1130 prudensque
1070 1070 1348 1115 consultum
1362 1079 1573 1130 praestet
1596 1083 1691 1112 ma·

347 1168 501 1205 „num
522 1147 568 1183 (ἦ)
603 1152 876 1196 multorum
922 1152 1245 1198 inconsultius
1279 1151 1612 1197 laborantium
1631 1150 1696 1195 (¹).

346 1235 724 1298 „Recognoscite
755 1234 905 1298 igitur
937 1235 1120 1297 pariter
1154 1246 1203 1280 et
1236 1245 1504 1287 recensete,
1542 1249 1700 1280 anvos

348 1332 614 1378 „umquam
649 1315 870 1363 sufficere
903 1318 1118 1380 potuisse
1152 1328 1229 1389 tpt
1264 1318 1364 1363 illis
1399 1317 1537 1364 Darii
1570 1316 1701 1362 mili-

349 1399 470 1454 „bus
505 1416 560 1445 ac
605 1399 883 1446 fortitudini
924 1402 1156 1464 putaretis
1178 1403 1249 1456 (⁶),
1296 1417 1386 1463 qua
1433 1416 1520 1465 ego
1569 1401 1701 1462 prin·

350 1515 370 1540 »
384 1502 492 1547 ceps
525 1501 717 1546 semper
749 1485 955 1531 militiae
989 1472 1266 1546 laborisque
1300 1501 1491 1546 semper
1526 1482 1622 1529 dux
1646 1484 1697 1528 in

351 1569 578 1630 „proeliis
613 1568 979 1630 insuperavi<²>.
1025 1569 1135 1614 Nisi
1170 1568 1298 1614 forte
1343 1567 1451 1612 aliis
1499 1565 1701 1611 addubi-

350 1650 600 1706 „tantibus
636 1650 1016 1713 timentibusque
1052 1662 1244 1715 egomet
1264 1650 1368 1712 ipse
1402 1649 1700 1713 legationem

350 1738 480 1788 „mei
516 1734 642 1796 apud
676 1735 885 1779 Darium
921 1734 1078 1779 facere
1115 1733 1336 1779 dubitavi
1354 1732 1422 1777 (3).
1479 1731 1589 1777 Nisi
1627 1749 1703 1777 us-

351 1820 515 1881 „piam
551 1835 632 1864 me
683 1829 994 1864 cunctantem
1036 1827 1119 1861 aut
1162 1815 1372 1862 residem
1416 1799 1469 1860 in
1513 1816 1703 1877 proelio

351 1902 660 1958 ,‚denotastis.
706 1901 756 1948 Si
792 1918 905 1966 ergo
940 1900 1081 1947 vobis
1115 1900 1207 1945 ista
1249 1911 1364 1945 sunt
1397 1898 1553 1944 amica
1589 1915 1703 1945 con·

391 2089 442 2121 (a)
471 2087 553 2116 cod.
573 2087 815 2125 expediciones.
863 2084 909 2120 (b)
935 2087 983 2114 lta
1008 2084 1086 2113 cod.
1112 2093 1265 2112 manum.
1309 2084 1355 2115 (c)
1379 2081 1461 2109 Cod.
1488 2090 1537 2109 an
1560 2090 1612 2109 uos
1635 2091 1705 2109 um.

355 2147 461 2178 quam
482 2137 633 2174 sufficere
653 2139 800 2176 potuisse
823 2143 859 2166 uc
882 2135 953 2166 illis
975 2134 1059 2164 dari
1081 2131 1213 2163 milibus
1236 2141 1278 2161 ac
1293 2130 1459 2168 sortiendi
1481 2132 1663 2168 putaretis.

416 2277 476 2330 (1)
510 2282 692 2317 Sententia
723 2294 767 2316 ex
788 2280 985 2327 Euripide,
1015 2281 1072 2314 cui
1092 2279 1255 2314 studebat
1275 2277 1482 2312 Alexander
1502 2285 1590 2311 teste
1616 2277 1705 2311 Plu-

360 2341 482 2374 tarcho
504 2352 538 2385 p.
562 2344 615 2371 13.
640 2347 674 2371 et
694 2343 736 2371 16
757 2355 814 2361 —
831 2343 886 2374 17.

420 2394 479 2444 (2)
511 2397 564 2429 Ita
597 2396 674 2428 cod.
732 2397 778 2428 Et
814 2395 962 2442 quidem
991 2393 1128 2428 Ennius
1160 2394 1265 2427 habet
1307 2393 1571 2437 insuperantum
1608 2390 1706 2437 apud

360 2454 506 2489 Festum
526 2465 604 2486 voc.
628 2464 748 2486 navus.

418 2507 478 2558 (3)
510 2511 642 2545 Recole
663 2509 707 2542 ad
731 2510 792 2543 lib.
821 2510 969 2555 ILssap.
992 2517 1111 2542 XXXI.
1133 2520 1193 2554 pp.
1222 2512 1288 2540 119
1304 2522 1360 2529 —
1381 2512 1457 2541 121.
1490 2505 1526 2538 in
1550 2512 1643 2538 nota.
