1752 3116
294 175 346 212 26
766 174 1158 217 ITINERARIVM

289 285 466 332 merito
513 285 718 333 felicior.
783 287 1032 350 Siquidem
1056 289 1108 322 (a)
1154 293 1260 336 Deo
1305 289 1514 351 praesidi
1562 306 1634 336 ac-

289 369 504 429 ceptiora
540 382 654 415 sunt
687 383 801 416 vota
837 389 957 433 quae
991 373 1062 419 fas
1098 384 1145 418 et
1174 372 1411 419 modestia
1434 372 1484 404 (²)
1521 389 1633 418 con-

287 452 438 513 cepit,
476 470 620 515 quam
657 471 778 516 quae
811 453 976 502 efferis
1002 454 1222 502 moribus
1253 456 1527 502 inconsulta
1563 470 1633 499 ar-

282 536 503 597 rogantia
538 538 678 599 rapit.

382 622 462 664 XI.
496 621 586 664 Ille
621 619 716 665 sibi
750 621 843 667 soli
876 620 1049 668 vicisse
1084 623 1318 687 gloriatus
1337 621 1415 676 (3),
1458 620 1633 667 factus·

282 716 374 762 que
409 701 461 745 in
487 703 669 749 amicos
700 705 912 757 saevior,
951 721 1046 767 quo
1070 705 1262 752 felicior
1286 706 1452 752 fructu
1476 705 1629 750 victo-

280 784 403 837 riae,
453 786 627 830 calluit
672 786 736 833 ob
780 787 830 831 id
866 789 1195 836 tumultuatos
1216 786 1291 843 (ὣς
1336 788 1480 834 saluti
1513 803 1630 834 vero

278 883 507 913 romanae
552 880 606 915 tu
653 871 895 925 militans,
943 873 987 918 ei
1034 890 1151 919 mox
1184 873 1392 935 imperio
1435 883 1631 917 conten-

277 949 395 996 dens
430 963 610 1007 aetate,
647 955 780 1000 cuius
816 966 865 1000 te
899 956 1083 1019 gloriae
1112 956 1440 1002 inmortalitas
1478 953 1630 1000 comi-

272 1033 540 1081 tabit11r<³>.
608 1041 805 1084 Etenim
840 1056 903 1085 ne
938 1039 1030 1085 tibi
1066 1041 1210 1086 tantis
1248 1057 1302 1085 ac
1336 1039 1514 1085 talibus
1550 1055 1628 1084 oc·

272 1131 448 1179 cupato
495 1122 621 1166 ultra
667 1120 930 1184 obloquar‚
981 1122 1096 1169 hinc
1143 1123 1400 1170 exordium
1433 1123 1625 1168 faciam.

657 1257 900 1295 PROSAPIA
943 1257 1237 1296 ALEXANDRI

89 1373 251 1408 Alexan-
367 1345 471 1388 XII.
507 1342 778 1390 Alexander
803 1356 944 1390 natus
969 1346 1265 1409 Olympiade
1298 1345 1485 1410 generis
1512 1349 1626 1391 Aea·

35 1429 91 1463 dri
139 1424 512 1495 getfuscidarnm,
558 1439 695 1489 patre
733 1427 987 1492 ambiguus
1022 1427 1141 1482 fuit,
1190 1433 1307 1475 Iove
1343 1434 1621 1475 Hammone

29 1488 247 1589 ἶξρέῗυξζζ
267 1512 351 1555 tali
397 1511 456 1558 de
501 1511 697 1565 sobole,
747 1524 794 1557 et
819 1513 863 1542 (Β)
899 1511 1141 1558 heraclide
1177 1512 1409 1573 Philippo
1445 1527 1622 1572 conpe-

26 1601 157 1634 vectio.
261 1605 410 1639 tente.
481 1593 572 1640 Sed
605 1594 690 1640 ubi
726 1596 953 1658 Philippo
1000 1595 1247 1647 successit,
1306 1610 1514 1656 eumque
1552 1593 1623 1637 ul-

260 1689 340 1724 tus
389 1691 459 1723 est
492 1680 725 1725 Pausania
771 1696 906 1727 caeso
955 1697 1068 1725 cum
1103 1678 1256 1724 tribus
1293 1677 1432 1731 filiis,
1484 1675 1618 1739 quod

259 1761 312 1805 hi
347 1761 705 1823 praesidentem
740 1764 945 1828 Aegensi
990 1765 1181 1809 theatro
1225 1763 1508 1825 Philippum
1543 1764 1616 1808 in·

288 1915 339 1946 (a)
364 1915 449 1943 God.
482 1916 650 1954 siquidem
683 1916 854 1955 quoniam.
901 1913 947 1950 (h)
968 1916 1049 1948 eod,
1078 1915 1316 1946 mmulmacus.
1363 1919 1408 1950 (c)
1434 1916 1517 1946 eod.
1546 1924 1612 1953 pro

253 1971 286 1994 ee
310 1964 414 1993 habet
430 1972 492 1994 auc
516 1965 570 1995 de.

311 2089 370 2135 (1)
401 2092 602 2125 Constantii
623 2091 836 2125 modestiam
857 2104 895 2125 ac
917 2091 1228 2125 mansuetudinem
1253 2090 1477 2124 commendat
1497 2090 1606 2123 etiam

252 2145 411 2180 Iulianus
437 2161 488 2182 or.
514 2150 543 2182 Ι.
566 2161 598 2193 p.
622 2152 676 2183 45.
700 2151 745 2183 D.
773 2162 790 2181 a
814 2149 992 2182 contrario
1015 2150 1180 2193 exemplo
1209 2147 1407 2183 Alexandri
1434 2147 1494 2193 qui
1521 2155 1603 2192 post

251 2203 440 2238 victoriam
469 2206 642 2249 persicam
668 2206 790 2239 insano
815 2205 906 2238 fastu
933 2214 966 2238 et
994 2206 1141 2238 saevitia
1168 2205 1285 2238 efferri
1313 2205 1438 2249 coepit.

307 2260 366 2306 (2)
399 2263 532 2296 Confer
558 2263 756 2297 Alexandri
779 2263 890 2308 ipsius
924 2263 1133 2295 concionem
1164 2263 1206 2296 ad
1237 2262 1369 2295 milites
1394 2262 1489 2308 apud
1514 2262 1602 2295 Inli—

247 2327 309 2350 um
332 2319 518 2352 Valerium
538 2321 601 2353 sub
631 2320 777 2353 initium
804 2320 896 2352 tertii
924 2319 1016 2352 libri.

305 2373 366 2419 (5)
396 2377 556 2421 Reapse‚
601 2386 636 2410 ut
670 2385 789 2410 narrat
813 2377 1026 2411 Ammianus
1052 2386 1119 2409 xv.
1152 2387 1177 2410 ῐ.
1211 2375 1442 2410 Constantius
1475 2375 1593 2408 studio

245 2430 505 2466 blandientium
537 2435 694 2467 sublatus
720 2434 915 2467 immunem
945 2446 982 2466 so
1007 2434 1049 2466 ab
1078 2434 1176 2466 muni
1204 2433 1431 2466 mortalitatis
1455 2433 1594 2466 inemu-

244 2489 352 2522 modo
380 2489 532 2523 fidenter
556 2491 804 2533 existimabat,
848 2491 935 2525 adeo
960 2499 998 2525 ut
1027 2491 1274 2524 aeternitatem
1307 2502 1384 2524 oum
1407 2488 1594 2537 aliquoties

244 2554 408 2579 asserere!
442 2551 528 2593 ipsc,

1746 590 1750 644 ἐ
