1752 3116
499 199 601 238 sEv
633 199 805 239 LIBER
835 198 868 237 Ι.
1278 206 1293 237 1
1304 202 1353 238 5³)

11 311 185 375 pondit
242 312 440 360 ducibus
485 312 791 359 memoratis:
861 313 1030 366 „Ultra
1074 314 1172 360 illis
1219 332 1352 376 spem

10 394 169 448 „vitae
223 395 437 461 agendae
473 396 528 429 (α)
574 397 673 441 iam
716 395 1074 458 deponendam,
1121 398 1161 442 si
1206 398 1353 444 modo

8 477 235 530 „creditis
270 479 365 526 sibi
400 478 578 524 finibus
600 478 930 525 abscessissent
951 479 1015 524 (ι).
1052 481 1244 543 Quippe
1261 482 1354 526 vir-

7 566 161 614 „tutes
197 564 406 610 hosticas
441 559 697 624 magnifice
723 574 944 608 executos
980 562 1196 609 nihilum
1229 564 1356 625 peri·

4 645 135 697 „culi
169 648 539 698 monstravisse,
579 662 723 707 quare
759 644 1030 690 abscessum
1062 642 1108 678 (ᾖ)
1143 647 1214 692 ire
1248 649 1353 692 Ma-

4 727 279 780 „cedonum
335 731 627 778 fortitudine
652 730 699 763 (θ)
747 730 1031 791 potuissent,
1101 734 1163 774 Et
1208 747 1355 791 quem

2 811 167 863 „enim
202 814 533 868 vulneratum,
570 814 756 875 inquit,
794 825 1010 859 vestrum
1047 829 1254 874 quemve
1281 813 1356 857 in-

2 905 330 958 „teremptum
351 898 548 944 audiens
583 898 677 943 hoc
701 894 1011 943 coniectem‘?
1047 896 1187 941 Nihil
1205 896 1355 960 igitur

2 1006 20 1030 „
34 995 297 1040 superesse,
349 999 492 1043 quam
545 982 616 1027 uti
662 979 840 1042 probra
885 980 1031 1027 fuisse
1074 978 1356 1027 huiusmodi

0 1047 173 1113 „duces
207 1067 461 1111 Persarum
496 1082 643 1130 regno
679 1065 924 1110 sentiret«.
978 1062 1069 1109 Sed
1093 1063 1354 1108 interhaec

0 1144 99 1191 iam
133 1147 460 1194 Alexandrum
507 1150 686 1194 iuxtim
721 1149 940 1210 posuisse
976 1159 1127 1192 castra
1164 1146 1347 1198 noscit,

0 1241 298 1293 propterque
349 1233 567 1278 vicinum
614 1231 819 1277 fluvium
864 1230 1127 1275 invisitare.
1198 1229 1353 1293 Igitur

2 1312 60 1357 ad
104 1314 264 1375 ipsum
308 1332 468 1361 rursus
521 1327 568 1361 et
609 1315 870 1360 nominum
925 1312 1251 1376 arrogantiam
1305 1324 1353 1357 et

0 1399 221 1442 Deorum
257 1399 560 1444 consortium
596 1398 690 1444 sibi
714 1398 998 1450 vendicans,
1035 1396 1353 1460 gentiumque

0 1495 49 1522 se
84 1493 282 1526 centum
317 1494 462 1544 atque
486 1482 665 1547 viginti
689 1482 946 1528 dominum
981 1479 1262 1543 praedicans
1283 1479 1351 1524 ita

0 1561 181 1615 scribit,

101 1649 178 1691 LI.
223 1647 421 1700 „Latuit
455 1665 517 1695 ne
551 1662 600 1695 te
634 1650 821 1703 solum,
871 1647 1159 1701 Alexander,
1211 1645 1350 1693 Darii
1394 1655 1487 1691 Aliae
1509 1658 1581 1691 Ι).«-

1367 1713 1413 1746 rii
1457 1714 1583 1748 littera.-

1369 1770 1584 1805 adAlexau-

0 1814 201 1875 „ticipat
260 1831 431 1876 supera
487 1816 748 1862 maiestas?
804 1831 961 1877 eoque
1013 1830 1153 1860 ausus
1210 1830 1258 1859 es
1297 1809 1349 1844 (d)
1369 1827 1483 1862 druna.

0 1747 214 1784 „nomen
248 1732 501 1792 honosque
534 1733 622 1780 ille
656 1751 752 1796 quo
790 1749 877 1780 nos
903 1731 1052 1778 donat
1072 1743 1219 1792 atque
1245 1746 1350 1792 par-

0 1927 15 1950 ,‚
28 1897 306 1943 transmisso
342 1898 468 1942 mari
502 1903 664 1945 Persas
700 1899 853 1944 veluti
880 1897 1034 1943 hostis
1068 1897 1311 1961 appellare
1325 1895 1349 1942 ζ)

0 1998 129 2035 „non
175 1981 511 2028 beatissimum
556 1995 689 2029 ratus
734 1983 774 2029 si
826 1992 1083 2029 contentus
1141 1980 1350 2042 imperio

0 2065 190 2118 „Pellae
225 2081 279 2110 ac
302 2066 622 2113 Macedoniae
644 2083 772 2112 sessu
793 2064 1044 2111 audaciam
1067 2075 1201 2109 tuam
1224 2066 1352 2110 inter

0 2148 277 2209 „proximos
312 2147 592 2196 iactitares?
650 2151 914 2196 Enimvero
961 2165 1159 2210 usurpas
1189 2148 1234 2180 (θ)
1280 2166 1352 2194 re·

0 2232 163 2295 „gium
199 2248 403 2285 nomen,
441 2245 490 2278 et
519 2245 805 2298 congregata
840 2230 935 2277 tibi
971 2230 1031 2275 ad
1066 2233 1382 2300 societatem·

1327 2352 1351 2359 .-

28 2396 83 2435 (a)
106 2396 184 2425 cod.
209 2405 324 2436 agere.
357 2395 403 2429 (b)
428 2396 510 2425 Cod.
533 2394 695 2426 abscessu.
728 2400 774 2430 (c)
795 2398 878 2426 Cod.
898 2397 1153 2432 fortitudinem.
1195 2399 1248 2431 (d)
1265 2397 1348 2427 Cod.

0 2453 57 2481 pro
79 2455 183 2475 ausus
206 2455 240 2475 es
264 2448 367 2475 habet
391 2457 509 2476 rursus
528 2457 580 2476 ex.
623 2448 666 2480 (e)
693 2449 778 2477 Cod.
802 2458 983 2487 usurpasse
1008 2457 1080 2476 non
1104 2450 1178 2477 sine
1197 2448 1313 2477 litura.

54 2582 111 2623 (1)
142 2585 276 2618 Confer
304 2587 483 2620 Itinerarii
516 2596 621 2633 caput
650 2597 740 2622 XIX.
