1752 3116
511 173 615 211 sssv
645 151 818 211 LIBER
847 171 905 210 Π.
1302 175 1381 210 207

128 283 322 330 XXXII.
360 321 370 330 .
409 324 420 336 .
459 325 470 336 ,
533 289 722 347 „Quare
771 285 1090 346 pollicentem
1147 300 1227 329 me
1279 296 1377 329 non
1395 307 1480 340 pars
1512 308 1610 341 lim-

28 365 211 418 „modo
248 368 494 414 thesauros
531 384 706 430 opesve
740 369 922 432 regales
941 401 952 421 ‚
990 366 1072 411 sed
1101 366 1237 429 regni
1263 383 1378 427 quo·
1395 363 1514 453 ‘j‘ffldffi
1536 366 1610 455 112³·

1395 431 1440 452 l’tl
1467 432 1485 452 3
1570 439 1610 454 υ-

28 464 155 510 „que
189 451 345 494 nostri
380 468 525 513 quam
549 450 904 511 amplissimam
928 450 1227 512 portionem,
1251 466 1378 511 spre·
1395 487 1487 510 rum.

26 525 121 584 ,tis
155 531 363 579 Macedo
399 533 701 595 supplicibus
737 533 1004 586 eiusmodi,
1050 549 1147 578 una
1182 544 1379 579 tantum

24 689 109 710 nam
139 678 242 711 nobis
276 678 412 720 desint,
447 678 518 712 duo
554 679 691 712 codices
719 678 956 721 ambrosiani,
988 680 1079 724 alter
1112 690 1258 724 graecus
1290 680 1381 713 alter

17 733 156 778 *latinus
172 759 183 776 ‚
215 735 301 768 satis
322 735 517 769 declarant.
557 736 636 781 Ego
670 747 753 768 vero
784 748 827 770 ex
855 736 969 769 latino
988 737 1110 769 codice
1136 733 1238 781 (narn
1258 737 1379 781 graeci

27 790 140 825 nimia
159 791 349 836 prolixitas
372 804 500 837 parum
521 792 710 826 commoda
734 792 803 837 est)
834 789 953 837 rerum
978 792 1232 834 summarium,
1262 792 1317 826 uti
1346 800 1380 825 et

26 847 70 881 ab
93 847 199 881 initio
225 848 342 894 operis
362 849 445 890 feci,
474 850 554 883 heic
583 849 770 882 exhibebo.

138 904 329 939 Potionem
361 906 538 939 medicam
569 918 587 939 a
612 906 781 950 Philippo
811 911 971 950 paratam
1001 904 1192 937 hausturus
1216 904 1380 939 Alexan-

28 959 91 993 der
114 969 282 994 monetur
307 973 372 1006 per
395 962 532 995 litteras
559 975 578 995 a
604 962 840 996 Parmenione
861 961 1024 1006 Philippi
1056 962 1220 1002 aemulo,
1261 961 1304 994 ab
1336 974 1378 994 ea

27 1024 67 1049 ut
94 1025 293 1062 temperet:
323 1018 506 1052 medicum
531 1019 625 1051 enim
645 1019 847 1063 ingentium
870 1029 930 1062 spe
952 1018 1196 1063 praemiorum
1219 1029 1238 1050 a
1258 1018 1378 1052 Persis

24 1081 229 1119 corruptum
262 1086 387 1107 necem
419 1075 491 1121 ipsi
518 1075 652 1108 moliri.
701 1075 770 1109 Sed
803 1073 984 1108 confidens
1017 1073 1195 1107 amicitiae
1218 1074 1379 1119 Philippi

23 1130 232 1163 Alexander
253 1143 290 1164 os
311 1131 418 1164 simul
441 1133 570 1177 poculo
593 1132 759 1165 admovet
784 1132 995 1177 litterasque
1021 1131 1269 1164 Parmenionis
1289 1130 1378 1164 Phi-

24 1186 124 1231 lippo
151 1187 269 1220 eidem
301 1187 419 1221 tradit.
459 1190 548 1222 Mox
571 1189 777 1233 postulante
800 1187 940 1221 medico
962 1187 1150 1221 Parmenio
1177 1187 1377 1221 calumniae

24 1255 146 1289 poenas
172 1244 251 1277 luit.
300 1243 396 1277 Hinc
427 1245 630 1278 valetudine
657 1253 816 1289 recepta,
847 1243 1052 1277 Alexander
1079 1243 1118 1276 in
1138 1243 1290 1277 Darium
1316 1256 1378 1276 co-

26 1300 101 1345 pias
124 1309 267 1341 movet,
299 1310 535 1346 consertoque
556 1302 599 1335 ad
624 1301 764 1346 Tigrim
789 1312 930 1333 amnem
949 1300 1121 1333 acerrimo
1148 1300 1287 1345 proelio,
1319 1311 1377 1333 re-

27 1365 135 1401 pente
154 1357 362 1391 Alexander
390 1370 408 1391 a
439 1359 545 1391 Persa
567 1358 722 1404 quodam
749 1356 987 1390 macedonicis
1013 1357 1120 1390 armis
1151 1365 1245 1391 tecto
1277 1368 1377 1390 acce·

23 1413 79 1458 pit
115 1425 135 1446 a
165 1422 263 1458 tergo
294 1414 429 1447 ictum:
460 1426 569 1460 quem
595 1426 676 1448 cum
702 1415 824 1459 galeae
858 1413 998 1447 bonitas
1034 1413 1284 1455 sustinuisset,
1317 1425 1377 1445 ca-

24 1478 106 1515 ptus
130 1470 236 1504 Persa
259 1471 438 1503 confessus
466 1479 516 1504 est
532 1495 542 1512 ‚
574 1483 609 1504 se
634 1471 677 1504 ad
700 1470 914 1516 patrandum
937 1469 1074 1502 facinus
1103 1481 1122 1502 a
1145 1469 1257 1504 Dario
1282 1469 1374 1503 inci—

25 1534 140 1559 tatum
162 1527 338 1570 promissa
369 1527 471 1572 regni
490 1534 591 1572 parte
620 1537 655 1561 et
676 1528 795 1572 regiae
822 1527 919 1560 filiae
942 1525 1123 1571 coniugio.
1171 1526 1371 1560 Audaciam

21 1582 91 1616 viri
119 1582 270 1617 miratus
299 1583 527 1624 Alexander,
566 1584 732 1618 eumdem
753 1584 889 1617 dimisit
916 1583 1145 1616 incolumem.
1193 1583 1373 1629 Deinceps

23 1650 133 1686 quum
153 1639 376 1674 innumeram
398 1641 573 1675 exercitus
590 1639 719 1675 hostici
735 1639 1006 1674 multitudinem
1033 1651 1076 1673 ex
1101 1638 1265 1673 universa
1283 1639 1372 1674 Asia

22 1697 209 1729 collectam
241 1696 286 1730 ad
319 1708 355 1730 se
377 1709 497 1731 rursus
520 1698 808 1744 appropinquare
834 1704 995 1730 cerneret
1021 1695 1250 1738 Alexander,
1281 1708 1372 1742 pau-

21 1753 167 1786 citatem
187 1764 334 1786 suorum
353 1762 611 1800 strategemate·
626 1755 792 1789 occuluit.
836 1755 965 1787 Coacta
988 1753 1083 1785 enim
1102 1753 1242 1798 ingenti
1259 1753 1370 1786 boum

19 1808 56 1842 vi
82 1809 293 1855 praelongas
321 1809 467 1844 frondes
498 1822 621 1844 eorum
656 1810 819 1844 cornibus
845 1810 1038 1855 caudisque
1073 1808 1251 1854 illigavit:
1290 1818 1369 1842 tum

20 1874 222 1899 armentum
244 1867 480 1912 praemissum
526 1874 560 1900 et
595 1866 750 1900 silvestri
783 1866 937 1912 quadam
968 1864 1085 1910 specie
1114 1865 1368 1911 subsequentes

18 1922 233 1958 Macedonas
255 1923 466 1964 occultabat,
491 1931 525 1956 et
546 1923 720 1957 immenso
745 1924 899 1956 excitato
923 1923 1069 1968 pulvere
1090 1921 1238 1956 maximi
1266 1933 1369 1954 exer-

17 1978 107 2012 eitus
133 1979 327 2025 gradientis
350 1979 525 2014 indicium
545 1980 722 2013 faciebat:
747 1992 816 2026 quo
840 1980 913 2012 viso
933 1981 1061 2012 Persae
1088 1986 1232 2025 stupore
1257 1977 1368 2011 defixi

17 2042 113 2071 sunt.
160 2037 249 2070 Mox
271 2036 316 2069 ad
333 2036 485 2070 fluvium
506 2037 652 2071 nomine
675 2038 862 2082 Strangam
883 2048 991 2082 quum
1018 2044 1168 2081 uterque
1190 2028 1367 2070 exercitus

20 2092 278 2141 concurrisset,
320 2094 416 2127 solus
438 2094 645 2128 Alexander
677 2094 792 2140 specie
827 2094 1011 2138 incognita
1046 2092 1084 2125 in
1116 2092 1220 2126 Darii
1255 2100 1366 2126 castra

17 2160 223 2194 progressus
251 2144 406 2196 (confer.
431 2151 494 2184 lib.
516 2153 586 2185 ΙΙΙ.
607 2148 658 2199 3.)
692 2163 811 2197 regem
839 2151 884 2183 ad
913 2149 1081 2195 proelium
1109 2148 1272 2195 protinus
1307 2149 1366 2181 in—

19 2205 176 2248 eundum
198 2215 379 2251 provocat.
426 2208 482 2242 Ab
506 2208 574 2242 hoe
602 2216 720 2242 tamen
741 2208 895 2253 benigue
912 2205 1054 2240 habitus
1074 2217 1278 2252 mensaeque
1299 2204 1363 2239 ad-

18 2262 178 2303 hibitus,
215 2271 360 2307 repente
391 2265 502 2297 sentit
538 2278 574 2298 se
607 2278 625 2297 a
659 2266 813 2310 quodam
847 2262 1018 2304 conviva,
1061 2263 1119 2296 cui
1151 2274 1252 2308 puer·
1275 2261 1363 2295 olim

17 2319 179 2364 cognitus
202 2318 342 2362 fuerat,
371 2321 565 2354 accuratius
589 2322 718 2354 notari.
771 2320 859 2354 Ilico
891 2320 1003 2364 igitur
1030 2319 1156 2353 relicto
1195 2318 1359 2352 convivio

17 2375 127 2421 fugae
146 2375 322 2409 consulit:
354 2377 556 2423 frustraque
581 2378 875 2424 persequentibus
899 2375 1015 2427 Persis
1037 2377 1274 2410 Macedonum
1299 2385 1359 2407 ca-

17 2440 91 2466 stra
123 2440 234 2466 tenet·
282 2434 453 2480 Sequenti
477 2434 537 2467 die
564 2443 751 2468 cruentum
775 2433 939 2479 proelium
962 2432 1223 2473 committitur,
1254 2443 1360 2476 supe-

14 2497 182 2536 ratusque
202 2490 333 2524 Darius
364 2502 494 2536 speque
527 2491 626 2523 omni
655 2491 814 2525 deiectus
839 2490 977 2524 litteras
1000 2488 1176 2535 supplices
1206 2489 1250 2522 ad
1272 2488 1361 2522 Ale-

15 2546 191 2580 xandrum
214 2547 348 2588 mittit,
391 2547 521 2594 quibus
540 2547 605 2582 sibi
631 2556 670 2581 ut
695 2547 820 2581 reddat
846 2554 1018 2586 matrem,
1049 2547 1238 2599 coniugem
1265 2545 1360 2578 libe-
