1752 3116
573 285 927 327 ALEXANDRI
1370 288 1419 329 42

81 417 324 464 peperere.
383 402 548 447 Arceri
590 402 768 463 quippe
811 416 893 446 rex
937 398 1073 446 aditu
1109 395 1297 454 dolens,
1346 416 1424 446 ur-

79 483 196 529 bem
233 482 453 530 obsidere
488 485 714 529 instituit.
794 489 862 528 Ea
897 487 1051 544 Tyros
1084 484 1242 528 insula
1276 483 1425 529 etiam

81 579 197 612 tunc
233 579 335 613 erat
371 567 501 612 haud
534 568 709 629 procul
751 567 1053 619 continente,
1114 565 1232 612 adeo
1270 578 1325 611 ut
1358 565 1427 610 fa-

84 652 179 697 cile
234 651 324 697 sibi
382 650 650 696 Alexander
702 650 995 702 vindicaret,
1054 649 1185 711 quod
1230 650 1428 714 adgestu

83 735 213 780 iacto
261 751 367 780 eam
419 733 591 778 urbem
635 745 789 778 terrae
835 734 1103 780 continuet.
1172 737 1326 793 Inque
1379 731 1430 776 id

83 818 308 878 protinus
347 834 372 862 e
405 815 582 862 Sidone
616 833 758 862 naves
796 816 1074 870 acciuntur,
1132 832 1322 876 unaque
1357 815 1432 859 his

87 904 389 945 Gerostratus
424 916 508 944 rex
539 899 682 945 Aradi
719 901 877 953 venit,
924 900 1095 945 relicto
1131 910 1317 959 satrapa
1339 902 1433 942 Au-

86 981 372 1042 tophradate
417 993 466 1027 et
505 982 700 1028 Medica
748 983 986 1028 amicitia:
1042 983 1270 1028 Poenices
1317 997 1435 1041 quo-

87 1081 180 1126 que
217 1076 263 1109 et
297 1064 477 1110 Rhodii
511 1067 796 1128 Soliiquew)
832 1065 959 1110 vecti
996 1065 1223 1111 classibus
1259 1064 1355 1109 suis
1388 1073 1438 1107 et

85 1165 181 1193 una
215 1149 446 1194 Mallonii
483 1150 744 1211 Cypriique
791 1148 936 1193 utiles
980 1147 1112 1194 bello
1148 1147 1310 1192 navali
1342 1150 1437 1205 Ly-

88 1232 324 1293 ciique<²>
359 1232 585 1284 adfuere,
637 1232 902 1295 adgregatis
940 1231 1087 1274 etiam
1118 1247 1176 1275 ex
1211 1228 1438 1274 Macedo-

90 1316 168 1359 nia
209 1314 414 1361 navibus
465 1331 518 1359 ac
560 1315 813 1360 militibus.
902 1319 1033 1361 Iusto
1079 1314 1178 1358 iam
1230 1312 1438 1372 denique

92 1409 321 1459 apparatu
365 1414 487 1458 opus
535 1399 716 1458 coepit:
765 1397 929 1443 triduo
975 1396 1118 1441 facile
1171 1394 1436 1440 laboratur.

90 1481 218 1526 Hinc
240 1476 286 1512 (Β)
320 1481 724 1526 machinamentis
756 1480 964 1525 admotis
1001 1479 1306 1540 disiectisque
1333 1495 1438 1523 mu-

90 1564 155 1608 ris
192 1575 238 1609 et
270 1563 597 1610 internicione
631 1563 807 1609 incolis
844 1564 1015 1616 caesis,
1074 1562 1334 1608 obtimates
1369 1572 1440 1605 ta·

90 1663 204 1691 men
246 1646 386 1708 pauci
429 1647 481 1691 in
527 1648 751 1694 Herculis
794 1647 983 1709 templo
1029 1646 1208 1707 reperti
1251 1646 1440 1690 honore

88 1730 318 1775 Numinis
352 1730 661 1790 sospitantur.

189 1817 359 1858 XLIII.
394 1816 526 1857 Haec
571 1812 690 1857 dum
735 1814 856 1874 Tyri
888 1825 1145 1878 geruntur,
1193 1811 1332 1857 Darii
1373 1811 1439 1855 le-

91 1897 222 1962 gatio
269 1896 457 1940 revenit
499 1912 587 1940 ceu
634 1896 675 1940 si
699 1897 744 1927 (Ε)
780 1896 832 1940 in
877 1896 1105 1941 auctione
1147 1894 1284 1958 regni
1322 1908 1439 1956 pau-

93 1997 198 2025 sam
232 1979 372 2023 malis
398 1977 729 2039 praesentibus
757 1991 924 2040 petens
950 1978 1095 2040 pretii
1119 1977 1437 2022 delinimento

94 2062 344 2125 (lucrique
390 2060 732 2106 additamentis
785 2062 942 2107 livens
993 2061 1176 2125 gloriae
1227 2059 1442 2121 conpeti-

94 2145 254 2203 tioni)
301 2160 398 2205 quo
420 2142 469 2174 (²)
513 2160 622 2205 pars
668 2145 827 2205 major
872 2145 1160 2191 mortalium
1202 2143 1442 2189 vincitur:

127 2274 178 2305 (a)
204 2271 287 2300 cod.
307 2269 367 2301 vel.
393 2270 518 2300 Hrodz'i
544 2269 672 2300 Soliive.
711 2270 757 2306 (b)
787 2273 870 2302 Cod.
898 2271 965 2301 hic.
1003 2272 1047 2304 (c)
1073 2274 1122 2300 Ita
1148 2271 1224 2300 cod.

156 2371 216 2422 (1)
251 2375 338 2408 Cod.
383 2373 568 2408 navalidii.
634 2376 784 2420 Corrigo
821 2384 941 2409 autem
973 2377 1149 2423 Lyciique
1182 2375 1301 2421 potius
1335 2386 1443 2421 quam

99 2432 295 2480 Lydiique.
343 2431 474 2474 Lycios
498 2432 594 2464 enim
619 2434 760 2475 Tyrum
792 2432 982 2465 auxiliares
1011 2432 1221 2466 Alexandro
1249 2432 1348 2465 ducit
1370 2432 1444 2466 Ar-

97 2487 217 2522 rianus
250 2490 297 2520 H.
328 2494 382 2519 20.
414 2499 495 2520 cum
521 2489 754 2530 Gerostrato‚
798 2489 1048 2531 Phoenicibus,
1088 2490 1266 2531 RhodiiS,
1310 2489 1443 2530 soliis,

100 2545 284 2580 Malloniis
314 2544 540 2590 Cypriisque.

159 2598 218 2649 (2)
253 2603 332 2652 Quo
364 2601 516 2634 refertur
552 2601 597 2634 ad
631 2600 882 2645 delinimento,
912 2603 1066 2650 ideoque
1096 2602 1308 2648 interposita
1336 2597 1444 2635 verba

102 2659 300 2703 parenthesi
331 2658 470 2691 inclusi.

1495 1851 1597 1885 Darii
1620 1851 1672 1884 le-

1458 1907 1552 1952 gatio
1585 1909 1674 1941 alte·-

1457 1976 1496 1997 ra
1520 1964 1564 1996 ad
1587 1965 1676 1998 Alc-

1459 2020 1650 2055 xandrum.
