1752 3116
519 160 621 198 slav
645 158 818 199 LIBER
843 157 898 198 11.
1255 143 1257 145 ’
1298 158 1375 197 185

138 277 219 318 IX.
264 276 320 318 In
355 273 479 317 hanc
514 271 616 318 fere
649 271 939 318 sententiam
974 287 1085 317 cum
1118 270 1377 317 Aeschines
1438 296 1608 330 Demadis

2 356 4 358 ’
42 361 338 418 perorasset,
375 355 611 401 Demades
633 353 683 386 (¹)
718 356 965 402 enimvero
1013 365 1263 426 oratorum
1308 353 1376 398 vi·
1396 353 1439 385 ad
1477 353 1610 416 bellam

41 437 174 483 ribus
211 438 341 483 haud
375 438 786 499 contempnendus
809 438 1069 484 intervenit
1102 448 1246 498 atque
1266 436 1379 480 hinc
1397 409 1610 446 adhortatio.

43 520 271 566 exoritur.
308 525 602 584 „Quousque
626 520 837 575 tandem,
875 521 1142 573 Aeschines,
1177 518 1379 564 medita-

41 604 133 656 „tis
169 603 298 649 hisce
335 615 383 649 et
418 603 478 648 ad
511 605 775 651 mollitiem
813 601 1251 651 effeminatioribus
1280 618 1384 648 ver-

40 685 146 740 „bis
181 686 467 733 timiditates
502 688 643 734 nobis
680 701 728 736 et
761 688 1100 736 dissolutiones
1120 686 1386 733 Athenien-

45 767 208 822 „sibus
242 771 407 824 struis,
451 771 676 817 territans
719 789 808 819 nos
853 784 900 818 et
943 782 1160 816 avertens
1194 786 1219 814 a
1266 767 1387 813 belli

44 883 63 907 ,‚
76 853 271 907 studiis,
306 854 481 916 quibus
518 855 678 900 incliti
711 872 900 917 semper
935 867 1079 916 atque
1113 851 1389 915 inopinabi-

44 966 63 989 ‚‚
79 937 146 982 les
181 935 406 983 fuimus?
460 943 556 984 Aut
592 955 713 1000 quae
758 950 806 984 te
848 950 952 983 tam
998 936 1170 983 infesta
1219 935 1390 980 caeles-

46 1019 203 1070 „tium
237 1020 309 1066 vis
343 1020 394 1064 in
429 1021 545 1066 haec
580 1020 726 1065 verba
761 1021 1016 1075 sollicitat,
1055 1037 1167 1066 cum
1202 1031 1256 1064 tu
1285 1035 1390 1064 sua·

46 1103 190 1153 „seris
225 1114 275 1149 et
306 1102 484 1149 merito
522 1104 644 1150 olim
688 1116 1060 1166 constanterque
1103 1103 1389 1164 persuaseris

47 1200 209 1236 „arma
243 1202 331 1233 nos
364 1203 553 1232 sumere
578 1187 833 1232 adversum
858 1191 1019 1232 Persas
1042 1185 1118 1239 (²),
1156 1198 1202 1231 et
1236 1186 1286 1229 in
1306 1185 1393 1230 illa

49 1280 152 1318 „tot
185 1269 402 1315 hostium
436 1269 574 1315 milia
609 1270 869 1315 instructos
915 1269 1069 1314 ferme
1104 1271 1205 1315 sola
1241 1268 1394 1315 animi

49 1352 265 1403 „virtute
299 1351 571 1399 militasse?
614 1359 675 1400 At
708 1369 837 1397 nunc
873 1365 1037 1398 contra
1069 1354 1204 1414 quasi
1238 1353 1395 1398 inten-

50 1464 69 1486 ³>
85 1445 156 1479 tos
190 1435 242 1466 (a)
290 1451 446 1489 arcus,
506 1436 574 1482 sic
620 1436 753 1483 idem
801 1435 1080 1483 obfirmatas
1135 1435 1396 1482 sententias

52 1529 266 1569 „nostras
302 1518 617 1566 remittendas
653 1537 706 1566 ac
741 1519 1019 1566 relaxandas
1054 1531 1192 1581 putes
1208 1517 1231 1564 *ἓ
1281 1525 1396 1566 Cen-

88 1676 139 1707 (a)
163 1677 214 1704 Ita
236 1676 313 1705 cod.
339 1684 419 1704 mox
443 1676 570 1704 factum
595 1677 763 1709 intentus,
789 1674 882 1713 qnod
905 1674 1027 1710 probo.

113 1798 173 1844 (1)
202 1801 380 1835 Demades
406 1801 500 1847 apud
529 1804 571 1835 Ἰ·
592 1801 778 1835 Valerium
796 1799 932 1833 bellum
951 1798 989 1831 in
1010 1797 1256 1832 Alexandrum
1276 1796 1399 1829 decer-

58 1857 113 1890 nit
131 1869 139 1888 ε
159 1868 282 1890 verum
302 1858 365 1890 alii
386 1867 548 1892 auctores
566 1856 728 1903 plerique
749 1857 830 1902 paci
850 1855 954 1888 illum
979 1855 1097 1900 potius
1115 1852 1291 1886 studuisse
1313 1865 1399 1885 con-

59 1915 222 1947 firmant:
255 1923 289 1946 et
320 1915 467 1960 quidem
498 1914 534 1947 id
556 1915 630 1960 ipse
655 1914 707 1946 ait
730 1912 906 1947 Demades
935 1911 972 1944 in
999 1909 1169 1944 orationis
1196 1909 1396 1955 fragmento

60 1970 156 2017 quod
185 1970 249 2003 sub
273 1971 347 2004 eius
378 1972 523 2005 nomine
547 1970 808 2005 circumfertur.
855 1969 980 2003 Livius
1015 1977 1131 2000 tamen
1152 1975 1210 1999 rx.
1234 1972 1288 1999 18.
1322 1966 1397 1999 ait:

61 2027 245 2061 Adversus
269 2026 523 2062 Alexandrum
546 2027 695 2061 Athenis
714 2028 749 2059 in
773 2028 916 2061 civitate
929 2022 1058 2071 fracta
1070 2022 1315 2057 lulacedonum
1337 2036 1400 2056 αι·-

60 2084 148 2125 mis,
179 2093 339 2117 cernente
371 2094 443 2119 tum
477 2086 634 2118 maxime
662 2096 775 2130 prope
802 2080 990 2129 fumantes
1028 2080 1228 2116 Thebarum
1266 2083 1399 2119 ruinas,

61 2141 261 2173 concionari
301 2139 411 2174 libere
442 2143 521 2175 ausi
555 2150 635 2174 sunt
667 2140 845 2183 homines,
885 2141 922 2173 id
957 2139 1050 2187 quod
1083 2152 1131 2174 ex
1170 2142 1400 2172 monumentis

60 2198 259 2230 orationum
287 2207 399 2242 pate-t.
458 2199 527 2233 Sed
556 2198 650 2231 enim
681 2198 780 2231 nulla
818 2206 941 2231 extare
977 2197 1105 2242 scripta
1137 2196 1309 2231 Demadis
1337 2197 1399 2229 Ci-

60 2265 140 2286 cero
172 2249 307 2300 (Brut.
340 2255 429 2300 ix.)
460 2263 494 2288 et
524 2255 654 2289 Fabius
687 2250 801 2300 (Inst.
833 2265 908 2288 ΧΠ.
940 2250 1025 2301 10.)
1063 2253 1217 2286 tradunt.
1280 2255 1398 2299 Quare

63 2319 98 2343 et
129 2310 236 2351 haec,
277 2322 384 2356 quam
411 2324 475 2346 nos
509 2311 668 2354 edimus,
711 2311 834 2346 concio
871 2319 945 2344 tota
979 2322 1023 2346 ex
1051 2309 1221 2346 Historici
1253 2310 1398 2356 iugenio

60 2379 209 2412 procusa
237 2366 392 2403 videtur.

119 2422 177 2467 (2)
218 2425 377 2468 Nempe,
417 2433 457 2458 ur
494 2423 669 2465 arbitror,
721 2437 831 2470 quum
868 2425 955 2459 olim
987 2425 1155 2471 agebatur
1189 2426 1231 2459 dc
1261 2437 1399 2460 summo

63 2480 280 2514 Graecorum
313 2482 463 2527 imperio
493 2480 685 2514 deferendo
717 2482 762 2515 ad
791 2483 997 2528 Philippum
1028 2483 1113 2516 belli
1144 2483 1268 2528 persici
1297 2495 1397 2516 causa

61 2537 286 2583 suspiciendi.
