<?xml version="1.0" encoding="UTF-8"?>
<!DOCTYPE html PUBLIC "-//W3C//DTD XHTML 1.0 Transitional//EN"
    "http://www.w3.org/TR/xhtml1/DTD/xhtml1-transitional.dtd">
<html xmlns="http://www.w3.org/1999/xhtml" xml:lang="en" lang="en">
 <head>
  <title>
</title>
<meta http-equiv="Content-Type" content="text/html;charset=utf-8" />
  <meta name='ocr-system' content='tesseract 3.04.00' />
  <meta name='ocr-capabilities' content='ocr_page ocr_carea ocr_par ocr_line ocrx_word'/>
</head>
<body>
  <div class='ocr_page' id='page_1' title='image "./itinerariumalexa00maiauoft_0028.png"; bbox 0 0 1752 3116; ppageno 0'>
   <div class='ocr_carea' id='block_1_1' title="bbox 277 155 1147 218">
    <p class='ocr_par' dir='ltr' id='par_1_1' title="bbox 277 155 1147 218">
     <span class='ocr_line' id='line_1_1' title="bbox 277 155 1147 218; baseline 0.002 -25"><span class='ocrx_word' id='word_1_1' title='bbox 277 156 329 197; x_wconf 74' lang='lat'><strong>24</strong></span> <span class='ocrx_word' id='word_1_2' title='bbox 474 202 480 218; x_wconf 26' lang='grc' dir='ltr'><strong>ι</strong></span> <span class='ocrx_word' id='word_1_3' title='bbox 754 155 1147 196; x_wconf 81' lang='lat' dir='ltr'><strong>ITINERARIVM</strong></span> 
     </span>
    </p>
   </div>
   <div class='ocr_carea' id='block_1_2' title="bbox 278 268 1629 816">
    <p class='ocr_par' dir='ltr' id='par_1_2' title="bbox 278 268 1629 816">
     <span class='ocr_line' id='line_1_2' title="bbox 278 268 1622 331; baseline 0.003 -20"><span class='ocrx_word' id='word_1_4' title='bbox 278 280 354 312; x_wconf 79' lang='lat' dir='ltr'><strong>tus</strong></span> <span class='ocrx_word' id='word_1_5' title='bbox 398 268 549 315; x_wconf 71' lang='lat' dir='ltr'><strong>aerios</strong></span> <span class='ocrx_word' id='word_1_6' title='bbox 585 269 929 331; x_wconf 79' lang='lat' dir='ltr'><strong>praescientiae</strong></span> <span class='ocrx_word' id='word_1_7' title='bbox 965 268 1058 315; x_wconf 82' lang='lat' dir='ltr'><strong>fide</strong></span> <span class='ocrx_word' id='word_1_8' title='bbox 1104 281 1290 331; x_wconf 88' lang='lat' dir='ltr'><strong>peteret</strong></span> <span class='ocrx_word' id='word_1_9' title='bbox 1322 281 1379 316; x_wconf 89' lang='lat' dir='ltr'><strong>ut</strong></span> <span class='ocrx_word' id='word_1_10' title='bbox 1412 269 1622 316; x_wconf 85' lang='lat' dir='ltr'><strong>declina-</strong></span> 
     </span>
     <span class='ocr_line' id='line_1_3' title="bbox 281 351 1620 418; baseline 0.002 -23"><span class='ocrx_word' id='word_1_11' title='bbox 281 363 380 404; x_wconf 79' lang='lat' dir='ltr'><strong>ret3</strong></span> <span class='ocrx_word' id='word_1_12' title='bbox 419 368 504 397; x_wconf 85' lang='lat' dir='ltr'><strong>cur</strong></span> <span class='ocrx_word' id='word_1_13' title='bbox 530 371 616 418; x_wconf 81' lang='lat' dir='ltr'><strong>ego</strong></span> <span class='ocrx_word' id='word_1_14' title='bbox 641 351 692 385; x_wconf 63' lang='grc' dir='ltr'><strong>(α)</strong></span> <span class='ocrx_word' id='word_1_15' title='bbox 726 352 821 397; x_wconf 89' lang='lat' dir='ltr'><strong>tibi</strong></span> <span class='ocrx_word' id='word_1_16' title='bbox 854 368 959 397; x_wconf 88' lang='lat' dir='ltr'><strong>rem</strong></span> <span class='ocrx_word' id='word_1_17' title='bbox 984 363 1176 399; x_wconf 86' lang='lat' dir='ltr'><strong>nostrae</strong></span> <span class='ocrx_word' id='word_1_18' title='bbox 1203 353 1371 398; x_wconf 83' lang='lat' dir='ltr'><strong>salutis</strong></span> <span class='ocrx_word' id='word_1_19' title='bbox 1401 352 1620 417; x_wconf 81' lang='lat' dir='ltr'><strong>adgresso</strong></span> 
     </span>
     <span class='ocr_line' id='line_1_4' title="bbox 280 434 1625 483; baseline -0.001 -2"><span class='ocrx_word' id='word_1_20' title='bbox 280 453 380 482; x_wconf 88' lang='lat' dir='ltr'><strong>non</strong></span> <span class='ocrx_word' id='word_1_21' title='bbox 424 449 478 482; x_wconf 86' lang='lat' dir='ltr'><strong>ut</strong></span> <span class='ocrx_word' id='word_1_22' title='bbox 524 455 581 483; x_wconf 85' lang='lat' dir='ltr'><strong>ex</strong></span> <span class='ocrx_word' id='word_1_23' title='bbox 625 436 751 482; x_wconf 88' lang='lat' dir='ltr'><strong>bona</strong></span> <span class='ocrx_word' id='word_1_24' title='bbox 798 434 994 480; x_wconf 84' lang='lat' dir='ltr'><strong>flamma</strong></span> <span class='ocrx_word' id='word_1_25' title='bbox 1025 436 1266 482; x_wconf 86' lang='lat' dir='ltr'><strong>virtutum</strong></span> <span class='ocrx_word' id='word_1_26' title='bbox 1307 436 1433 481; x_wconf 89' lang='lat' dir='ltr'><strong>hanc</strong></span> <span class='ocrx_word' id='word_1_27' title='bbox 1466 435 1625 481; x_wconf 84' lang='lat' dir='ltr'><strong>facem</strong></span> 
     </span>
     <span class='ocr_line' id='line_1_5' title="bbox 280 518 1624 583; baseline -0.002 -18"><span class='ocrx_word' id='word_1_28' title='bbox 280 518 586 582; x_wconf 75' lang='lat' dir='ltr'><strong>praeferam?</strong></span> <span class='ocrx_word' id='word_1_29' title='bbox 635 518 866 581; x_wconf 81' lang='lat' dir='ltr'><strong>quoniam</strong></span> <span class='ocrx_word' id='word_1_30' title='bbox 910 530 1145 580; x_wconf 86' lang='lat' dir='ltr'><strong>quantum</strong></span> <span class='ocrx_word' id='word_1_31' title='bbox 1189 519 1387 583; x_wconf 80' lang='lat' dir='ltr'><strong>ingenio</strong></span> <span class='ocrx_word' id='word_1_32' title='bbox 1438 519 1624 571; x_wconf 85' lang='lat' dir='ltr'><strong>minor,</strong></span> 
     </span>
     <span class='ocr_line' id='line_1_6' title="bbox 280 600 1629 664; baseline -0.001 -17"><span class='ocrx_word' id='word_1_33' title='bbox 280 614 473 648; x_wconf 87' lang='lat' dir='ltr'><strong>tantum</strong></span> <span class='ocrx_word' id='word_1_34' title='bbox 517 604 610 652; x_wconf 89' lang='lat' dir='ltr'><strong>hoc</strong></span> <span class='ocrx_word' id='word_1_35' title='bbox 645 614 762 648; x_wconf 85' lang='lat' dir='ltr'><strong>voto</strong></span> <span class='ocrx_word' id='word_1_36' title='bbox 799 607 1016 647; x_wconf 88' lang='lat' dir='ltr'><strong>Varrone</strong></span> <span class='ocrx_word' id='word_1_37' title='bbox 1063 620 1170 647; x_wconf 79' lang='lat' dir='ltr'><strong>sum</strong></span> <span class='ocrx_word' id='word_1_38' title='bbox 1204 603 1393 664; x_wconf 86' lang='lat' dir='ltr'><strong>potior:</strong></span> <span class='ocrx_word' id='word_1_39' title='bbox 1447 602 1520 646; x_wconf 86' lang='lat' dir='ltr'><strong>uti</strong></span> <span class='ocrx_word' id='word_1_40' title='bbox 1549 600 1629 646; x_wconf 86' lang='lat' dir='ltr'><strong>vel</strong></span> 
     </span>
     <span class='ocr_line' id='line_1_7' title="bbox 281 683 1629 748; baseline -0.001 -17"><span class='ocrx_word' id='word_1_41' title='bbox 281 685 418 739; x_wconf 81' lang='lat' dir='ltr'><strong>inde,</strong></span> <span class='ocrx_word' id='word_1_42' title='bbox 467 702 760 748; x_wconf 79' lang='lat' dir='ltr'><strong>quamquam</strong></span> <span class='ocrx_word' id='word_1_43' title='bbox 803 685 1020 748; x_wconf 87' lang='lat' dir='ltr'><strong>corporis</strong></span> <span class='ocrx_word' id='word_1_44' title='bbox 1063 683 1212 739; x_wconf 87' lang='lat' dir='ltr'><strong>liber,</strong></span> <span class='ocrx_word' id='word_1_45' title='bbox 1265 685 1418 732; x_wconf 88' lang='lat' dir='ltr'><strong>animi</strong></span> <span class='ocrx_word' id='word_1_46' title='bbox 1462 696 1629 731; x_wconf 84' lang='lat' dir='ltr'><strong>tamen</strong></span> 
     </span>
     <span class='ocr_line' id='line_1_8' title="bbox 282 768 907 816; baseline 0 -2"><span class='ocrx_word' id='word_1_47' title='bbox 282 768 421 815; x_wconf 84' lang='lat' dir='ltr'><strong>vobis</strong></span> <span class='ocrx_word' id='word_1_48' title='bbox 458 770 671 815; x_wconf 84' lang='lat' dir='ltr'><strong>militem</strong></span> <span class='ocrx_word' id='word_1_49' title='bbox 708 769 907 816; x_wconf 83' lang='lat' dir='ltr'><strong>viribus.</strong></span> 
     </span>
    </p>
   </div>
   <div class='ocr_carea' id='block_1_3' title="bbox 104 851 1632 926">
    <p class='ocr_par' dir='ltr' id='par_1_3' title="bbox 104 851 1632 926">
     <span class='ocr_line' id='line_1_9' title="bbox 104 851 1632 926; baseline -0.013 -21"><span class='ocrx_word' id='word_1_50' title='bbox 104 889 264 926; x_wconf 60' lang='lat' dir='ltr'><strong>Auctoris</strong></span> <span class='ocrx_word' id='word_1_51' title='bbox 383 855 484 900; x_wconf 86' lang='lat' dir='ltr'><strong>VII.</strong></span> <span class='ocrx_word' id='word_1_52' title='bbox 529 852 684 900; x_wconf 84' lang='lat' dir='ltr'><strong>Modo</strong></span> <span class='ocrx_word' id='word_1_53' title='bbox 722 853 904 898; x_wconf 82' lang='lat' dir='ltr'><strong>indicio</strong></span> <span class='ocrx_word' id='word_1_54' title='bbox 942 854 1036 899; x_wconf 90' lang='lat' dir='ltr'><strong>sim</strong></span> <span class='ocrx_word' id='word_1_55' title='bbox 1076 871 1222 915; x_wconf 82' lang='lat' dir='ltr'><strong>quam</strong></span> <span class='ocrx_word' id='word_1_56' title='bbox 1257 855 1334 900; x_wconf 76' lang='lat' dir='ltr'><strong>illi</strong></span> <span class='ocrx_word' id='word_1_57' title='bbox 1368 854 1498 899; x_wconf 69' lang='lat' dir='ltr'><strong>Viam</strong></span> <span class='ocrx_word' id='word_1_58' title='bbox 1533 851 1632 897; x_wconf 75' lang='lat' dir='ltr'><strong>for-</strong></span> 
     </span>
    </p>
   </div>
   <div class='ocr_carea' id='block_1_4' title="bbox 36 936 1633 1000">
    <p class='ocr_par' dir='ltr' id='par_1_4' title="bbox 36 936 1633 1000">
     <span class='ocr_line' id='line_1_10' title="bbox 36 936 1633 1000; baseline 0.003 -25"><span class='ocrx_word' id='word_1_59' title='bbox 36 946 236 982; x_wconf 71' lang='lat' dir='ltr'><strong>·modestia.</strong></span> <span class='ocrx_word' id='word_1_60' title='bbox 283 936 486 984; x_wconf 80' lang='lat' dir='ltr'><strong>titudini</strong></span> <span class='ocrx_word' id='word_1_61' title='bbox 517 938 797 990; x_wconf 83' lang='lat' dir='ltr'><strong>straverint,</strong></span> <span class='ocrx_word' id='word_1_62' title='bbox 836 953 957 999; x_wconf 86' lang='lat' dir='ltr'><strong>quae</strong></span> <span class='ocrx_word' id='word_1_63' title='bbox 991 936 1084 982; x_wconf 83' lang='lat' dir='ltr'><strong>tibi</strong></span> <span class='ocrx_word' id='word_1_64' title='bbox 1115 954 1244 984; x_wconf 88' lang='lat' dir='ltr'><strong>nunc</strong></span> <span class='ocrx_word' id='word_1_65' title='bbox 1279 955 1370 1000; x_wconf 82' lang='lat' dir='ltr'><strong>pro</strong></span> <span class='ocrx_word' id='word_1_66' title='bbox 1407 936 1633 984; x_wconf 85' lang='lat' dir='ltr'><strong>omnium</strong></span> 
     </span>
    </p>
   </div>
   <div class='ocr_carea' id='block_1_5' title="bbox 1321 1019 1636 1085">
    <p class='ocr_par' dir='ltr' id='par_1_5' title="bbox 1321 1019 1636 1085">
     <span class='ocr_line' id='line_1_11' title="bbox 1321 1019 1636 1085; baseline -0.006 -19"><span class='ocrx_word' id='word_1_67' title='bbox 1321 1038 1382 1085; x_wconf 82' lang='lat' dir='ltr'><strong>go</strong></span> <span class='ocrx_word' id='word_1_68' title='bbox 1426 1020 1508 1065; x_wconf 85' lang='lat' dir='ltr'><strong>hic</strong></span> <span class='ocrx_word' id='word_1_69' title='bbox 1542 1019 1636 1064; x_wconf 82' lang='lat' dir='ltr'><strong>ele-</strong></span> 
     </span>
    </p>
   </div>
   <div class='ocr_carea' id='block_1_6' title="bbox 283 1101 1636 1169">
    <p class='ocr_par' dir='ltr' id='par_1_6' title="bbox 283 1101 1636 1169">
     <span class='ocr_line' id='line_1_12' title="bbox 283 1101 1636 1169; baseline -0.001 -20"><span class='ocrx_word' id='word_1_70' title='bbox 283 1104 497 1169; x_wconf 77' lang='lat' dir='ltr'><strong>gantiam</strong></span> <span class='ocrx_word' id='word_1_71' title='bbox 533 1105 771 1151; x_wconf 82' lang='lat' dir='ltr'><strong>sermonis</strong></span> <span class='ocrx_word' id='word_1_72' title='bbox 797 1103 978 1150; x_wconf 82' lang='lat' dir='ltr'><strong>affecto</strong></span> <span class='ocrx_word' id='word_1_73' title='bbox 994 1138 1004 1157; x_wconf 94' lang='lat'><strong>,</strong></span> <span class='ocrx_word' id='word_1_74' title='bbox 1044 1105 1123 1150; x_wconf 85' lang='lat' dir='ltr'><strong>cui</strong></span> <span class='ocrx_word' id='word_1_75' title='bbox 1152 1104 1209 1150; x_wconf 83' lang='lat' dir='ltr'><strong>de</strong></span> <span class='ocrx_word' id='word_1_76' title='bbox 1231 1103 1497 1151; x_wconf 85' lang='lat' dir='ltr'><strong>commodo</strong></span> <span class='ocrx_word' id='word_1_77' title='bbox 1520 1101 1636 1148; x_wconf 71' lang='lat' dir='ltr'><strong>usfis</strong></span> 
     </span>
    </p>
   </div>
   <div class='ocr_carea' id='block_1_7' title="bbox 283 1012 1320 1083">
    <p class='ocr_par' dir='ltr' id='par_1_7' title="bbox 283 1012 1320 1083">
     <span class='ocr_line' id='line_1_13' title="bbox 283 1012 1320 1083; baseline -0.002 -16"><span class='ocrx_word' id='word_1_78' title='bbox 283 1021 436 1067; x_wconf 80' lang='lat' dir='ltr'><strong>salute</strong></span> <span class='ocrx_word' id='word_1_79' title='bbox 471 1020 706 1083; x_wconf 86' lang='lat' dir='ltr'><strong>carpenda</strong></span> <span class='ocrx_word' id='word_1_80' title='bbox 753 1033 836 1066; x_wconf 82' lang='lat' dir='ltr'><strong>est.</strong></span> <span class='ocrx_word' id='word_1_81' title='bbox 906 1025 1076 1082; x_wconf 79' lang='lat' dir='ltr'><strong>Neque</strong></span> <span class='ocrx_word' id='word_1_82' title='bbox 1119 1012 1250 1066; x_wconf 84' lang='lat' dir='ltr'><strong>enim</strong></span> <span class='ocrx_word' id='word_1_83' title='bbox 1296 1039 1320 1065; x_wconf 87' lang='lat' dir='ltr'><strong>e</strong></span> 
     </span>
    </p>
   </div>
   <div class='ocr_carea' id='block_1_8' title="bbox 63 1186 1653 2248">
    <p class='ocr_par' dir='ltr' id='par_1_8' title="bbox 63 1186 1653 2248">
     <span class='ocr_line' id='line_1_14' title="bbox 284 1186 1637 1247; baseline -0.001 -16"><span class='ocrx_word' id='word_1_84' title='bbox 284 1187 436 1247; x_wconf 83' lang='lat' dir='ltr'><strong>ipsius</strong></span> <span class='ocrx_word' id='word_1_85' title='bbox 468 1186 739 1231; x_wconf 78' lang='lat' dir='ltr'><strong>laboratur:</strong></span> <span class='ocrx_word' id='word_1_86' title='bbox 779 1203 891 1232; x_wconf 83' lang='lat' dir='ltr'><strong>cum</strong></span> <span class='ocrx_word' id='word_1_87' title='bbox 928 1187 992 1232; x_wconf 80' lang='lat' dir='ltr'><strong>sit</strong></span> <span class='ocrx_word' id='word_1_88' title='bbox 1026 1187 1234 1233; x_wconf 78' lang='lat' dir='ltr'><strong>felicitas</strong></span> <span class='ocrx_word' id='word_1_89' title='bbox 1269 1188 1428 1232; x_wconf 82' lang='lat' dir='ltr'><strong>maior</strong></span> <span class='ocrx_word' id='word_1_90' title='bbox 1461 1186 1549 1231; x_wconf 79' lang='lat' dir='ltr'><strong>tali</strong></span> <span class='ocrx_word' id='word_1_91' title='bbox 1583 1186 1637 1231; x_wconf 89' lang='lat' dir='ltr'><strong>in</strong></span> 
     </span>
     <span class='ocr_line' id='line_1_15' title="bbox 285 1269 1641 1331; baseline -0.001 -17"><span class='ocrx_word' id='word_1_92' title='bbox 285 1284 432 1330; x_wconf 84' lang='lat' dir='ltr'><strong>opere</strong></span> <span class='ocrx_word' id='word_1_93' title='bbox 465 1269 677 1313; x_wconf 85' lang='lat' dir='ltr'><strong>versanti</strong></span> <span class='ocrx_word' id='word_1_94' title='bbox 710 1269 917 1331; x_wconf 77' lang='lat' dir='ltr'><strong>praeisse</strong></span> <span class='ocrx_word' id='word_1_95' title='bbox 954 1269 1087 1331; x_wconf 85' lang='lat' dir='ltr'><strong>quod</strong></span> <span class='ocrx_word' id='word_1_96' title='bbox 1120 1269 1295 1331; x_wconf 80' lang='lat' dir='ltr'><strong>prosit,</strong></span> <span class='ocrx_word' id='word_1_97' title='bbox 1344 1285 1490 1331; x_wconf 84' lang='lat' dir='ltr'><strong>quam</strong></span> <span class='ocrx_word' id='word_1_98' title='bbox 1526 1285 1641 1314; x_wconf 90' lang='lat' dir='ltr'><strong>con-</strong></span> 
     </span>
     <span class='ocr_line' id='line_1_16' title="bbox 288 1351 1641 1418; baseline -0.001 -20"><span class='ocrx_word' id='word_1_99' title='bbox 288 1353 504 1414; x_wconf 71' lang='lat' dir='ltr'><strong>posuisse</strong></span> <span class='ocrx_word' id='word_1_100' title='bbox 551 1352 683 1414; x_wconf 83' lang='lat' dir='ltr'><strong>quod</strong></span> <span class='ocrx_word' id='word_1_101' title='bbox 717 1353 928 1414; x_wconf 84' lang='lat' dir='ltr'><strong>placeat:</strong></span> <span class='ocrx_word' id='word_1_102' title='bbox 991 1365 1045 1397; x_wconf 90' lang='lat' dir='ltr'><strong>ut</strong></span> <span class='ocrx_word' id='word_1_103' title='bbox 1080 1370 1174 1414; x_wconf 86' lang='lat' dir='ltr'><strong>quo</strong></span> <span class='ocrx_word' id='word_1_104' title='bbox 1219 1354 1455 1418; x_wconf 81' lang='lat' dir='ltr'><strong>segnitior</strong></span> <span class='ocrx_word' id='word_1_105' title='bbox 1488 1351 1641 1398; x_wconf 85' lang='lat' dir='ltr'><strong>fuerit</strong></span> 
     </span>
     <span class='ocr_line' id='line_1_17' title="bbox 291 1435 1640 1498; baseline -0.001 -18"><span class='ocrx_word' id='word_1_106' title='bbox 291 1435 410 1481; x_wconf 74' lang='lat' dir='ltr'><strong>dicti</strong></span> <span class='ocrx_word' id='word_1_107' title='bbox 453 1436 764 1498; x_wconf 73' lang='lat' dir='ltr'><strong>simplicitas,</strong></span> <span class='ocrx_word' id='word_1_108' title='bbox 812 1438 907 1481; x_wconf 85' lang='lat' dir='ltr'><strong>hoo</strong></span> <span class='ocrx_word' id='word_1_109' title='bbox 953 1448 1000 1481; x_wconf 87' lang='lat' dir='ltr'><strong>et</strong></span> <span class='ocrx_word' id='word_1_110' title='bbox 1046 1435 1156 1481; x_wconf 81' lang='lat' dir='ltr'><strong>fidei</strong></span> <span class='ocrx_word' id='word_1_111' title='bbox 1202 1437 1310 1497; x_wconf 85' lang='lat' dir='ltr'><strong>plus</strong></span> <span class='ocrx_word' id='word_1_112' title='bbox 1357 1447 1404 1481; x_wconf 89' lang='lat' dir='ltr'><strong>et</strong></span> <span class='ocrx_word' id='word_1_113' title='bbox 1439 1435 1640 1480; x_wconf 86' lang='lat' dir='ltr'><strong>luminis</strong></span> 
     </span>
     <span class='ocr_line' id='line_1_18' title="bbox 290 1517 1642 1582; baseline -0.001 -19"><span class='ocrx_word' id='word_1_114' title='bbox 290 1518 466 1564; x_wconf 86' lang='lat' dir='ltr'><strong>habeat</strong></span> <span class='ocrx_word' id='word_1_115' title='bbox 507 1519 763 1566; x_wconf 82' lang='lat' dir='ltr'><strong>enarratio.</strong></span> <span class='ocrx_word' id='word_1_116' title='bbox 837 1520 1027 1582; x_wconf 76' lang='lat' dir='ltr'><strong>Quippe</strong></span> <span class='ocrx_word' id='word_1_117' title='bbox 1088 1520 1318 1582; x_wconf 76' lang='lat' dir='ltr'><strong>quoniam</strong></span> <span class='ocrx_word' id='word_1_118' title='bbox 1364 1519 1415 1563; x_wconf 88' lang='lat' dir='ltr'><strong>in</strong></span> <span class='ocrx_word' id='word_1_119' title='bbox 1462 1517 1642 1564; x_wconf 83' lang='lat' dir='ltr'><strong>talibus</strong></span> 
     </span>
     <span class='ocr_line' id='line_1_19' title="bbox 291 1601 1643 1664; baseline 0 -17"><span class='ocrx_word' id='word_1_120' title='bbox 291 1603 466 1648; x_wconf 73' lang='lat' dir='ltr'><strong>veritas</strong></span> <span class='ocrx_word' id='word_1_121' title='bbox 502 1603 719 1664; x_wconf 85' lang='lat' dir='ltr'><strong>palmam</strong></span> <span class='ocrx_word' id='word_1_122' title='bbox 764 1603 982 1664; x_wconf 83' lang='lat' dir='ltr'><strong>rapuerit</strong></span> <span class='ocrx_word' id='word_1_123' title='bbox 1016 1603 1346 1664; x_wconf 71' lang='lat' dir='ltr'><strong>eloquentiae:</strong></span> <span class='ocrx_word' id='word_1_124' title='bbox 1398 1618 1521 1664; x_wconf 87' lang='lat' dir='ltr'><strong>quae</strong></span> <span class='ocrx_word' id='word_1_125' title='bbox 1557 1601 1643 1647; x_wconf 86' lang='lat' dir='ltr'><strong>ubi</strong></span> 
     </span>
     <span class='ocr_line' id='line_1_20' title="bbox 296 1675 1644 1750; baseline 0.001 -19"><span class='ocrx_word' id='word_1_126' title='bbox 296 1675 404 1731; x_wconf 30' lang='lat' dir='ltr'><strong>arte·</strong></span> <span class='ocrx_word' id='word_1_127' title='bbox 431 1687 726 1750; x_wconf 83' lang='lat' dir='ltr'><strong>protegitur,</strong></span> <span class='ocrx_word' id='word_1_128' title='bbox 771 1686 980 1747; x_wconf 85' lang='lat' dir='ltr'><strong>scriptor</strong></span> <span class='ocrx_word' id='word_1_129' title='bbox 1022 1703 1110 1747; x_wconf 84' lang='lat' dir='ltr'><strong>pro</strong></span> <span class='ocrx_word' id='word_1_130' title='bbox 1161 1698 1357 1733; x_wconf 80' lang='lat' dir='ltr'><strong>auctore</strong></span> <span class='ocrx_word' id='word_1_131' title='bbox 1403 1686 1644 1732; x_wconf 84' lang='lat' dir='ltr'><strong>laudatur.</strong></span> 
     </span>
     <span class='ocr_line' id='line_1_21' title="bbox 101 1769 1646 1834; baseline 0 -18"><span class='ocrx_word' id='word_1_132' title='bbox 101 1798 278 1834; x_wconf 72' lang='lat' dir='ltr'><strong>Constan-</strong></span> <span class='ocrx_word' id='word_1_133' title='bbox 396 1770 521 1816; x_wconf 88' lang='lat' dir='ltr'><strong>VIII.</strong></span> <span class='ocrx_word' id='word_1_134' title='bbox 578 1769 671 1815; x_wconf 86' lang='lat' dir='ltr'><strong>Sed</strong></span> <span class='ocrx_word' id='word_1_135' title='bbox 727 1770 852 1814; x_wconf 86' lang='lat' dir='ltr'><strong>mihi</strong></span> <span class='ocrx_word' id='word_1_136' title='bbox 907 1771 988 1814; x_wconf 85' lang='lat' dir='ltr'><strong>hic</strong></span> <span class='ocrx_word' id='word_1_137' title='bbox 1045 1780 1093 1815; x_wconf 89' lang='lat' dir='ltr'><strong>et</strong></span> <span class='ocrx_word' id='word_1_138' title='bbox 1145 1769 1375 1816; x_wconf 87' lang='lat' dir='ltr'><strong>materiae</strong></span> <span class='ocrx_word' id='word_1_139' title='bbox 1427 1771 1646 1832; x_wconf 81' lang='lat' dir='ltr'><strong>parilitas</strong></span> 
     </span>
     <span class='ocr_line' id='line_1_22' title="bbox 63 1851 1647 1918; baseline 0.002 -21"><span class='ocrx_word' id='word_1_140' title='bbox 63 1853 277 1916; x_wconf 34' lang='lat' dir='ltr'><strong>‘ii-compa-</strong></span> <span class='ocrx_word' id='word_1_141' title='bbox 296 1851 474 1898; x_wconf 84' lang='lat' dir='ltr'><strong>blanda</strong></span> <span class='ocrx_word' id='word_1_142' title='bbox 520 1864 592 1898; x_wconf 78' lang='lat' dir='ltr'><strong>est</strong></span> <span class='ocrx_word' id='word_1_143' title='bbox 633 1863 681 1898; x_wconf 85' lang='lat' dir='ltr'><strong>et</strong></span> <span class='ocrx_word' id='word_1_144' title='bbox 726 1854 1017 1918; x_wconf 83' lang='lat' dir='ltr'><strong>germanitas</strong></span> <span class='ocrx_word' id='word_1_145' title='bbox 1063 1853 1165 1915; x_wconf 78' lang='lat' dir='ltr'><strong>spei</strong></span> <span class='ocrx_word' id='word_1_146' title='bbox 1210 1852 1268 1899; x_wconf 88' lang='lat' dir='ltr'><strong>de</strong></span> <span class='ocrx_word' id='word_1_147' title='bbox 1314 1864 1362 1898; x_wconf 82' lang='lat' dir='ltr'><strong>te</strong></span> <span class='ocrx_word' id='word_1_148' title='bbox 1407 1854 1647 1916; x_wconf 86' lang='lat' dir='ltr'><strong>scripturo</strong></span> 
     </span>
     <span class='ocr_line' id='line_1_23' title="bbox 65 1918 1650 2006; baseline 0.003 -28"><span class='ocrx_word' id='word_1_149' title='bbox 65 1918 278 2006; x_wconf 45' lang='lat' dir='ltr'><strong>{Fiiiflnzugi</strong></span> <span class='ocrx_word' id='word_1_150' title='bbox 296 1938 490 1999; x_wconf 90' lang='lat' dir='ltr'><strong>potiora</strong></span> <span class='ocrx_word' id='word_1_151' title='bbox 523 1949 632 1981; x_wconf 86' lang='lat' dir='ltr'><strong>tum</strong></span> <span class='ocrx_word' id='word_1_152' title='bbox 656 1937 916 1983; x_wconf 85' lang='lat' dir='ltr'><strong>Alexandri</strong></span> <span class='ocrx_word' id='word_1_153' title='bbox 951 1937 1120 2002; x_wconf 82' lang='lat' dir='ltr'><strong>gloriis</strong></span> <span class='ocrx_word' id='word_1_154' title='bbox 1154 1949 1261 1983; x_wconf 87' lang='lat' dir='ltr'><strong>tum</strong></span> <span class='ocrx_word' id='word_1_155' title='bbox 1289 1938 1507 1992; x_wconf 89' lang='lat' dir='ltr'><strong>Traiani,</strong></span> <span class='ocrx_word' id='word_1_156' title='bbox 1547 1939 1650 1999; x_wconf 86' lang='lat' dir='ltr'><strong>qui·</strong></span> 
     </span>
     <span class='ocr_line' id='line_1_24' title="bbox 67 2019 1649 2068; baseline 0.007 -13"><span class='ocrx_word' id='word_1_157' title='bbox 67 2036 147 2058; x_wconf 66' lang='lat' dir='ltr'><strong>cum</strong></span> <span class='ocrx_word' id='word_1_158' title='bbox 195 2029 282 2062; x_wconf 76' lang='lat' dir='ltr'><strong>Ale·</strong></span> <span class='ocrx_word' id='word_1_159' title='bbox 299 2020 503 2066; x_wconf 85' lang='lat' dir='ltr'>buscum</span> <span class='ocrx_word' id='word_1_160' title='bbox 550 2019 643 2064; x_wconf 87' lang='lat' dir='ltr'><strong>tibi</strong></span> <span class='ocrx_word' id='word_1_161' title='bbox 688 2036 802 2066; x_wconf 83' lang='lat' dir='ltr'><strong>sane</strong></span> <span class='ocrx_word' id='word_1_162' title='bbox 853 2037 1115 2068; x_wconf 86' lang='lat' dir='ltr'><strong>commune</strong></span> <span class='ocrx_word' id='word_1_163' title='bbox 1167 2033 1238 2067; x_wconf 84' lang='lat' dir='ltr'><strong>est</strong></span> <span class='ocrx_word' id='word_1_164' title='bbox 1279 2019 1479 2067; x_wconf 84' lang='lat' dir='ltr'><strong>fatalem</strong></span> <span class='ocrx_word' id='word_1_165' title='bbox 1524 2022 1649 2066; x_wconf 88' lang='lat' dir='ltr'><strong>hanc</strong></span> 
     </span>
     <span class='ocr_line' id='line_1_25' title="bbox 69 2083 1652 2169; baseline -0.001 -19"><span class='ocrx_word' id='word_1_166' title='bbox 69 2083 216 2118; x_wconf 76' lang='lat' dir='ltr'><strong>xandro.</strong></span> <span class='ocrx_word' id='word_1_167' title='bbox 300 2103 422 2150; x_wconf 84' lang='lat' dir='ltr'><strong>belli</strong></span> <span class='ocrx_word' id='word_1_168' title='bbox 456 2103 636 2148; x_wconf 86' lang='lat' dir='ltr'><strong>lineam</strong></span> <span class='ocrx_word' id='word_1_169' title='bbox 671 2115 890 2169; x_wconf 83' lang='lat' dir='ltr'><strong>tangere:</strong></span> <span class='ocrx_word' id='word_1_170' title='bbox 931 2105 1165 2167; x_wconf 86' lang='lat' dir='ltr'><strong>quoniam</strong></span> <span class='ocrx_word' id='word_1_171' title='bbox 1194 2117 1321 2151; x_wconf 77' lang='lat' dir='ltr'><strong>aetas</strong></span> <span class='ocrx_word' id='word_1_172' title='bbox 1358 2121 1550 2167; x_wconf 87' lang='lat' dir='ltr'><strong>quoque</strong></span> <span class='ocrx_word' id='word_1_173' title='bbox 1587 2106 1652 2150; x_wconf 89' lang='lat' dir='ltr'><strong>al-</strong></span> 
     </span>
     <span class='ocr_line' id='line_1_26' title="bbox 302 2185 1653 2248; baseline 0.001 -16"><span class='ocrx_word' id='word_1_174' title='bbox 302 2186 452 2232; x_wconf 85' lang='lat' dir='ltr'><strong>terius</strong></span> <span class='ocrx_word' id='word_1_175' title='bbox 474 2203 600 2231; x_wconf 79' lang='lat' dir='ltr'><strong>nunc</strong></span> <span class='ocrx_word' id='word_1_176' title='bbox 626 2204 771 2248; x_wconf 89' lang='lat' dir='ltr'><strong>penes</strong></span> <span class='ocrx_word' id='word_1_177' title='bbox 791 2185 838 2220; x_wconf 61' lang='grc' dir='ltr'><strong>(ὅ)</strong></span> <span class='ocrx_word' id='word_1_178' title='bbox 873 2200 921 2234; x_wconf 82' lang='lat' dir='ltr'><strong>te</strong></span> <span class='ocrx_word' id='word_1_179' title='bbox 957 2200 1027 2234; x_wconf 90' lang='lat' dir='ltr'><strong>est</strong></span> <span class='ocrx_word' id='word_1_180' title='bbox 1050 2187 1122 2242; x_wconf 54' lang='grc' dir='ltr'>(ι),</span> <span class='ocrx_word' id='word_1_181' title='bbox 1158 2187 1354 2235; x_wconf 87' lang='lat' dir='ltr'><strong>alterius</strong></span> <span class='ocrx_word' id='word_1_182' title='bbox 1386 2205 1503 2236; x_wconf 87' lang='lat' dir='ltr'><strong>vero</strong></span> <span class='ocrx_word' id='word_1_183' title='bbox 1540 2205 1653 2235; x_wconf 88' lang='lat' dir='ltr'><strong>con-</strong></span> 
     </span>
    </p>
   </div>
   <div class='ocr_carea' id='block_1_9' title="bbox 305 2270 1054 2331">
    <p class='ocr_par' dir='ltr' id='par_1_9' title="bbox 305 2270 1054 2331">
     <span class='ocr_line' id='line_1_27' title="bbox 305 2270 1054 2331; baseline -0.001 -14"><span class='ocrx_word' id='word_1_184' title='bbox 305 2270 475 2317; x_wconf 81' lang='lat' dir='ltr'><strong>silium</strong></span> <span class='ocrx_word' id='word_1_185' title='bbox 512 2287 608 2331; x_wconf 81' lang='lat' dir='ltr'><strong>quo</strong></span> <span class='ocrx_word' id='word_1_186' title='bbox 646 2272 798 2317; x_wconf 84' lang='lat' dir='ltr'><strong>vincis</strong></span> <span class='ocrx_word' id='word_1_187' title='bbox 833 2283 1054 2317; x_wconf 84' lang='lat' dir='ltr'><strong>aetatem.</strong></span> 
     </span>
    </p>
   </div>
   <div class='ocr_carea' id='block_1_10' title="bbox 340 2390 1344 2433">
    <p class='ocr_par' dir='ltr' id='par_1_10' title="bbox 340 2390 1344 2433">
     <span class='ocr_line' id='line_1_28' title="bbox 340 2390 1344 2433; baseline 0.005 -15"><span class='ocrx_word' id='word_1_188' title='bbox 340 2392 393 2424; x_wconf 64' lang='lat' dir='ltr'><strong>(a)</strong></span> <span class='ocrx_word' id='word_1_189' title='bbox 415 2391 498 2418; x_wconf 87' lang='lat' dir='ltr'><strong>Cod.</strong></span> <span class='ocrx_word' id='word_1_190' title='bbox 520 2400 612 2430; x_wconf 80' lang='lat' dir='ltr'><strong>ergo.</strong></span> <span class='ocrx_word' id='word_1_191' title='bbox 649 2390 696 2424; x_wconf 78' lang='lat' dir='ltr'><strong>(b)</strong></span> <span class='ocrx_word' id='word_1_192' title='bbox 720 2393 803 2422; x_wconf 83' lang='lat' dir='ltr'><strong>cod.</strong></span> <span class='ocrx_word' id='word_1_193' title='bbox 826 2402 966 2431; x_wconf 78' lang='lat' dir='ltr'><strong>poenes,</strong></span> <span class='ocrx_word' id='word_1_194' title='bbox 991 2399 1024 2423; x_wconf 81' lang='lat' dir='ltr'><strong>at</strong></span> <span class='ocrx_word' id='word_1_195' title='bbox 1043 2393 1208 2430; x_wconf 76' lang='lat' dir='ltr'><strong>deinceps</strong></span> <span class='ocrx_word' id='word_1_196' title='bbox 1231 2404 1344 2433; x_wconf 71' lang='lat' dir='ltr'><strong>penes.</strong></span> 
     </span>
    </p>
   </div>
   <div class='ocr_carea' id='block_1_11' title="bbox 310 2481 1655 2585">
    <p class='ocr_par' dir='ltr' id='par_1_11' title="bbox 310 2481 1655 2585">
     <span class='ocr_line' id='line_1_29' title="bbox 366 2481 1655 2526; baseline 0.001 -14"><span class='ocrx_word' id='word_1_197' title='bbox 366 2481 423 2524; x_wconf 79' lang='lat'><strong>(1)</strong></span> <span class='ocrx_word' id='word_1_198' title='bbox 454 2483 565 2514; x_wconf 71' lang='lat' dir='ltr'><strong>Natus</strong></span> <span class='ocrx_word' id='word_1_199' title='bbox 593 2490 645 2514; x_wconf 73' lang='lat' dir='ltr'><strong>est</strong></span> <span class='ocrx_word' id='word_1_200' title='bbox 674 2483 901 2515; x_wconf 80' lang='lat' dir='ltr'><strong>Constantius</strong></span> <span class='ocrx_word' id='word_1_201' title='bbox 927 2493 1018 2514; x_wconf 77' lang='lat' dir='ltr'><strong>anno</strong></span> <span class='ocrx_word' id='word_1_202' title='bbox 1043 2490 1118 2526; x_wconf 63' lang='lat' dir='ltr'><strong>post</strong></span> <span class='ocrx_word' id='word_1_203' title='bbox 1148 2483 1211 2514; x_wconf 65' lang='grc' dir='ltr'>(ΣΙ).</span> <span class='ocrx_word' id='word_1_204' title='bbox 1236 2495 1268 2514; x_wconf 77' lang='grc' dir='ltr'><strong>τι.</strong></span> <span class='ocrx_word' id='word_1_205' title='bbox 1292 2491 1465 2516; x_wconf 70' lang='lat' dir='ltr'><strong>CCCXVII.</strong></span> <span class='ocrx_word' id='word_1_206' title='bbox 1496 2482 1655 2515; x_wconf 72' lang='lat' dir='ltr'><strong>Alexan-</strong></span> 
     </span>
     <span class='ocr_line' id='line_1_30' title="bbox 310 2537 1654 2585; baseline 0.001 -16"><span class='ocrx_word' id='word_1_207' title='bbox 310 2537 370 2569; x_wconf 67' lang='lat' dir='ltr'><strong>dex</strong></span> <span class='ocrx_word' id='word_1_208' title='bbox 404 2538 493 2571; x_wconf 77' lang='lat' dir='ltr'><strong>vixit</strong></span> <span class='ocrx_word' id='word_1_209' title='bbox 526 2550 636 2572; x_wconf 78' lang='lat' dir='ltr'><strong>annos</strong></span> <span class='ocrx_word' id='word_1_210' title='bbox 665 2549 802 2573; x_wconf 69' lang='lat' dir='ltr'><strong>XXXII.</strong></span> <span class='ocrx_word' id='word_1_211' title='bbox 835 2539 878 2571; x_wconf 79' lang='lat' dir='ltr'><strong>de</strong></span> <span class='ocrx_word' id='word_1_212' title='bbox 907 2539 1105 2576; x_wconf 55' lang='lat' dir='ltr'><strong>Aristobuli</strong></span> <span class='ocrx_word' id='word_1_213' title='bbox 1139 2539 1310 2572; x_wconf 47' lang='lat' dir='ltr'><strong>,aaronita</strong></span> <span class='ocrx_word' id='word_1_214' title='bbox 1347 2540 1438 2585; x_wconf 75' lang='lat' dir='ltr'><strong>apud</strong></span> <span class='ocrx_word' id='word_1_215' title='bbox 1463 2539 1654 2572; x_wconf 77' lang='lat' dir='ltr'><strong>Attianum</strong></span> 
     </span>
    </p>
   </div>
  </div>
 </body>
</html>
