1752 3116
467 227 571 268 SEV
612 227 787 268 LIBER
815 227 850 268 1.
1252 232 1325 270 131

0 337 175 386 ’acilius
204 339 404 393 cedere,
444 351 492 386 et
527 339 587 386 ad
622 343 1021 388 sustentationem
1057 343 1133 387 sui
1166 359 1330 403 prom-

0 423 113 485 ptius
148 439 424 470 occursaret
472 423 686 469 amicum
721 425 962 486 siquidem
995 424 1328 478 multitudini,

0 523 74 552 aec
102 506 259 553 facilis
285 508 359 552 sui
383 506 509 568 apud
538 523 705 552 omnes
730 508 917 572 singula
946 509 1244 555 dinoscentia
1262 508 1327 562 (¹),

0 600 127 653 utque
157 590 307 634 etiam
341 588 558 636 difficilis
595 602 642 635 et
675 592 985 653 conspiratio.

83 676 234 719 XXII.
283 676 589 736 Quamquam
638 675 790 738 igitur
830 676 974 741 longe
1018 678 1202 723 auctius
1249 693 1332 722 rex
1406 687 1566 720 Alexan-

0 756 184 801 netitus
221 757 444 802 locorum
478 757 855 818 amplitudinem
888 759 1039 812 foret,
1072 772 1237 806 tamen
1274 759 1331 804 ad
1351 741 1450 833 (ἓξὲξ
1483 756 1565 789 ⁵1>ss-

0 840 276 886 5ententiam
312 840 709 902 persuadentium
754 843 824 886 ire
860 843 1108 904 aliquanto
1144 855 1333 889 contra·
1381 842 1384 845 ’
1447 824 1454 832 .

0 921 111 966 :tius
156 923 271 968 sivit
304 922 514 969 ambitus
548 923 741 970 lineam.
815 929 973 988 Quare
1012 925 1332 972 facesserat(‘⁸)

66 1042 93 1069 e:

0 1085 155 1133 linem
199 1087 396 1149 quidem
442 1087 552 1134 urbi
609 1102 838 1150 procurat
883 1090 942 1136 ab
993 1109 1050 1138 eo
1097 1094 1206 1139 loco
1258 1093 1340 1139 cui

0 1004 373 1051 munificentiae
427 1006 592 1051 animo
639 1004 1028 1069 contenip·tae<b).
1099 1010 1335 1073 Longitu-

0 1173 148 1216 Draco
195 1188 375 1217 nomen
422 1184 492 1217 est
547 1177 664 1232 (Est
707 1185 871 1218 autem
915 1191 1023 1234 pars
1074 1176 1338 1236 supradicti

0 1254 306 1315 I'aposi1·is(²>
343 1270 494 1315 usque
538 1253 596 1298 ad
630 1254 795 1299 locum
840 1254 920 1300 cui
955 1255 1338 1320 Agathudaemo·

0 1353 79 1382 nos
125 1337 388 1398 appellatio
436 1339 642 1396 manet).
712 1337 984 1383 Latitudini
1030 1356 1144 1384 vero
1179 1339 1339 1384 indul-

0 1431 72 1484 get
96 1420 141 1452 ²⁶)
177 1437 200 1465 a
237 1426 434 1480 Canopo
470 1434 618 1480 usque
654 1419 715 1464 ad
748 1421 916 1466 locum
953 1421 1036 1482 qui
1072 1423 1341 1482 Eurylochi

0 1503 70 1550 vel
113 1505 450 1549 Melanchium
503 1500 696 1547 dicitur.
775 1502 914 1548 Iubet
968 1505 1119 1568 igitur
1170 1521 1339 1551 omnes

0 1586 174 1648 quique
220 1602 306 1648 per
341 1584 583 1631 ambitum
617 1601 770 1646 usque
816 1585 874 1630 ad
910 1585 1123 1648 lapidem
1159 1588 1341 1633 tricesi-

0 1687 135 1716 mum
171 1670 460 1722 coluissent,
509 1668 762 1714 universos
798 1668 970 1715 eodem
1005 1671 1341 1735 commigrare,

0 1754 256 1814 locumque
299 1767 500 1797 omnem
541 1750 668 1797 unde
716 1750 777 1796 ad
823 1751 1058 1813 oppidum
1096 1755 1344 1800 convenis-

0 1849 125 1890 sent,
171 1851 283 1880 suae
319 1834 523 1882 editioni
545 1832 600 1866 (d)
637 1834 828 1880 servire.
898 1840 961 1880 Et
993 1835 1110 1880 haec
1148 1834 1346 1896 quidem

0 1912 140 1981 super
172 1919 329 1980 spatio
360 1917 495 1966 urbis
530 1917 630 1963 eius
665 1917 943 1979 accipimus.

33 2083 84 2116 (a)
108 2079 192 2110 eod.
213 2079 444 2115 facesoerari,
475 2086 547 2110 tum
581 2079 707 2109 fictum
737 2081 847 2110 eadem
879 2090 982 2110 manu
1009 2082 1213 2117 sucesserat.
1258 2083 1351 2111 Mihi

2 2129 225 2161 scribendum
257 2130 460 2158 videbatur:
505 2130 618 2169 Quare
646 2130 886 2167 facessendum
918 2138 1014 2159 ratus
1044 2141 1067 2159 a
1095 2132 1352 2171 magmficentla

1 2181 118 2210 animo
141 2187 296 2209 contenta
319 2181 392 2213 (vel
417 2182 609 2216 concepta),
636 2180 886 2220 longitudinem
913 2181 1050 2221 quidem
1074 2189 1137 2211 etc.
1186 2181 1233 2216 (b)
1257 2185 1352 2213 Nem·

3 2238 46 2269 pe
69 2237 254 2258 contentae.
293 2230 412 2258 Codex
436 2231 536 2259 habet
559 2238 775 2267 contemptae.
813 2232 858 2265 (c)
882 2231 968 2261 cod.
992 2232 1185 2273 indulgent.
1226 2233 1278 2267 (d)
1305 2236 1354 2264 lta

6 2280 82 2310 cod.
110 2280 200 2309 haud
228 2280 301 2309 scio
326 2289 367 2307 an
391 2289 452 2316 pro
474 2280 716 2314 aedeficationi.

67 2422 125 2467 (1)
157 2424 319 2468 Nempe:
352 2436 412 2455 nec
445 2423 661 2457 dinoscentia
688 2423 835 2470 singula
866 2425 920 2456 sui
934 2421 1065 2469 facilis
1094 2426 1191 2471 apud
1227 2436 1359 2466 omnes,

13 2493 122 2527 quare
162 2489 196 2514 et
215 2481 267 2526 sit
296 2478 461 2528 difficilis
509 2481 738 2527 conspiratio.
798 2481 846 2514 Et
875 2489 962 2514 nota
1003 2481 1216 2517 vocabulum
1257 2482 1360 2515 dino-

11 2546 160 2571 sceatta.

74 2590 136 2641 (2)
171 2593 260 2629 Cod.
297 2593 466 2639 Taporis.
510 2593 579 2628 Sed
607 2593 725 2627 recole
755 2605 830 2639 cap.
863 2603 936 2629 xx.
1078 2643 1101 2666 ,ι

1027 2666 1053 2702 Q
