1752 3116
550 191 653 231 SEV
682 191 857 232 LIBER
885 191 918 231 1.
1328 199 1405 237 169

60 305 143 368 qui
177 309 393 352 Homero
429 305 761 367 praedicatore
796 306 1073 353 celebraris!
1111 309 1198 353 His
1229 309 1405 374 auditis

61 387 121 434 ab
157 389 354 443 eodem,
393 406 507 435 cum
553 391 701 436 multi
745 390 1011 437 admodum
1055 391 1256 436 litterati
1308 405 1406 439 stu·

63 471 245 518 diosius
281 489 391 538 erga
427 474 609 520 amicos
652 464 966 538 religioneve
992 475 1134 519 tracti
1175 475 1270 521 iter
1304 477 1406 522 eius

57 570 468 619 prosequerentur
488 556 560 609 (¹),
587 556 791 618 parique
813 575 914 604 sese
933 558 1046 604 stilo
1069 566 1216 620 opera
1234 560 1334 605 eius
1354 559 1406 591 (α)

61 652 401 699 prosecuturos
438 657 537 686 esse
571 641 948 702 promitterent,
986 653 1176 703 optasse
1205 660 1254 688 se
1284 642 1411 688 dixit

60 723 140 767 vel
174 724 451 772 Thersitem
474 724 599 786 apud
619 729 893 771 Homerum
913 724 1062 790 magis
1078 759 1089 778 ‚
1114 742 1260 787 quam
1283 725 1411 787 apud

60 806 320 869 scriptores
374 808 618 855 eiusmodi
672 809 913 855 Achillem
963 809 1124 871 putari
1168 811 1408 856 maluisse.

60 893 169 935 Huc
204 907 353 952 usque
398 889 624 938 ειιϊε111(ἷ’)
665 909 826 938 comes
870 893 970 938 eius
1017 893 1204 939 itineris
1249 910 1302 939 ac
1345 895 1413 938 la-

58 971 192 1019 boris
229 987 383 1022 mater
419 975 672 1038 Olympias
706 975 802 1020 fuit
819 975 885 1021 (2).
921 976 1014 1022 Sed
1056 977 1184 1023 exim
1220 976 1413 1038 partici-

59 1069 175 1119 pato
225 1060 454 1106 convivio
504 1076 618 1105 cum
669 1060 810 1105 illam
854 1059 913 1104 ad
953 1059 1296 1105 Macedoniam
1342 1075 1414 1103 re-

62 1143 302 1199 misisset,
343 1145 425 1190 dat
458 1160 552 1189 una
591 1142 765 1190 ducere
809 1144 1098 1190 comitatum
1134 1142 1413 1204 spectabilis

59 1227 390 1274 multitudinis
437 1228 756 1289 optimatium
813 1228 1121 1289 captivorum
1147 1225 1230 1270 (ὣς
1290 1225 1413 1286 ipse-

63 1326 157 1371 que
193 1310 445 1357 devertens
481 1312 576 1357 iter
610 1311 794 1357 institit
829 1311 889 1356 ad
925 1311 1145 1357 Darium.

158 1398 260 1440 LX.
301 1398 455 1460 Igitur
489 1412 602 1440 cum
638 1393 731 1439 sibi
765 1411 852 1455 per
886 1393 1061 1439 urbem
1103 1393 1346 1440 Abderam
1366 1390 1416 1423 (4)
1508 1410 1652 1446 Abdera

60 1479 286 1526 transitus
322 1479 474 1533 foret,
512 1479 746 1526 obseratis
781 1477 914 1522 urbis
949 1495 1061 1523 suae
1082 1477 1302 1523 claustris
1322 1475 1415 1521 Ab·
1432 1467 1652 1560 Ϋέῖὲᾟωζ

63 1559 245 1608 deritae
299 1580 414 1609 eum
458 1579 520 1608 ne
575 1562 848 1623 reciperent
894 1560 1290 1607 obfirmaverant.
1360 1558 1452 1615 Ida
1495 1594 1532 1614 se
1567 1596 1652 1629 pro-

63 1647 416 1693 contumeliam
450 1658 608 1702 ratus,
654 1658 702 1693 et
746 1646 1008 1692 convenire
1052 1647 1278 1708 protinus
1326 1640 1546 1689 mi,11·1bet.

1362 1762 1424 1771 ...-

98 1812 151 1845 (α)
172 1812 257 1841 eod.
281 1823 355 1843 sua.
389 1811 438 1848 (b)
463 1816 545 1843 God.
567 1821 696 1844 tamen.

127 1948 189 2001 (1)
221 1953 491 1989 Adscribendus
515 1957 596 1991 heic
620 1957 767 1992 omnino
797 1958 895 1991 locus
921 1954 1104 1989 Ciceronis
1126 1964 1193 1998 pro
1222 1952 1357 1985 Archia
1380 1961 1420 1985 X·

73 2010 189 2062 Quam
223 2010 351 2044 multos
379 2015 571 2058 scriptores
607 2028 723 2048 rerum
752 2027 897 2048 suarum
929 2022 1078 2058 magnus
1109 2008 1174 2043 ille
1206 2007 1422 2043 Alexander

66 2079 183 2100 secum
202 2066 364 2100 habuisse
387 2069 544 2105 dicitur!
577 2072 695 2118 Atque
723 2073 752 2105 is
772 2080 890 2104 tamea
915 2082 990 2102 cum
1020 2070 1056 2101 in
1090 2068 1199 2114 Sigeo
1222 2067 1269 2100 ad
1295 2065 1423 2100 Achil-

69 2123 116 2157 lis
149 2124 320 2158 tumulum
351 2125 571 2172 adstitisset,
618 2129 655 2164 0
677 2125 893 2174 fortunate,
932 2127 1066 2173 inquit,
1103 2123 1334 2166 adolescens,
1365 2122 1426 2169 qu?

73 2189 152 2213 tuae
177 2182 320 2215 virtutis
343 2183 535 2217 Homerum
562 2198 774 2231 praeconem
803 2185 1002 2219 inveneris!
1035 2181 1092 2217 Sic
1123 2190 1158 2215 et
1188 2180 1424 2225 Symmachus

69 2235 171 2270 laud.
206 2239 243 2270 in
273 2237 439 2272 Gratian.
465 2253 542 2287 cap.
566 2252 645 2275 vn.
710 2243 831 2288 ‚Cum
866 2253 997 2287 magno
1027 2239 1246 2273 Alexandro
1275 2235 1426 2271 munda-

70 2311 87 2326 »
100 2306 187 2326 nam
204 2307 318 2340 paene
338 2296 504 2330 miliciam
524 2298 818 2345 philosophorum
844 2299 1031 2332 comitatus
1058 2296 1185 2344 exegit
1196 2305 1224 2329 ⁰¹·

129 2350 188 2395 (2)
221 2352 352 2384 Confer
380 2353 611 2389 Itinerarium
641 2368 717 2402 cap.
749 2366 872 2391 XVIII.

130 2408 189 2453 (3)
223 2408 355 2441 Confer
383 2410 615 2443 Itinerarium
645 2424 722 2457 cap.
755 2422 880 2448 XXIII.

129 2464 189 2511 (4)
220 2464 346 2499 Mirari
376 2466 471 2499 subit
501 2467 598 2513 quod
627 2468 834 2502 Alexander
871 2468 912 2500 ab
957 2466 1026 2500 Ilio
1070 2467 1138 2501 iter
1178 2463 1348 2499 insistens
1380 2459 1426 2493 acl

71 2521 245 2563 Darium,
276 2522 458 2558 Abderam
476 2524 597 2558 veniat
621 2525 795 2559 Thraciae
820 2525 964 2566 urbem,
991 2533 1025 2557 et
1047 2525 1177 2558 deinde
1196 2521 1241 2555 ad
1265 2518 1426 2554 Maeotim

67 2579 245 2623 paludem.
