1752 3116
361 181 414 220 64
832 181 1227 226 ITINERARIVM

358 291 470 338 bem
514 294 706 359 agmine
749 295 946 342 turbido
969 294 1025 328 (α)
1067 294 1329 350 interfluit,
1374 295 1549 341 transit
1593 295 1703 341 Ale-

357 376 538 423 xander
580 378 801 440 nihilque
836 379 1090 440 opinantes
1125 377 1396 425 obtruncat.
1462 383 1604 425 Tunc
1635 393 1706 423 se·-

359 475 470 506 cure
514 459 651 508 urbis
696 462 798 508 eius
832 461 1049 523 potitum
1094 478 1144 507 se
1177 472 1304 507 ratus
1352 463 1517 508 animo
1554 459 1708 506 defer-

358 555 506 589 verat.
574 548 744 606 Neque
778 545 961 606 inpune
995 542 1047 588 id
1081 556 1166 589 aut
1199 544 1468 591 modestiae
1501 543 1704 589 merito:

357 627 533 673 acriter
562 627 695 673 enim
727 628 917 674 incolae
942 629 1221 692 congregati
1249 629 1378 673 inter
1405 626 1592 688 primos
1622 625 1709 687 qui

357 710 608 771 inruperat
643 712 970 758 Alexandrum
1004 727 1199 773 quoque
1227 727 1341 757 saxo
1377 720 1522 770 caput
1555 708 1712 772 gravi-

358 804 434 838 ter
453 795 724 841 vulnerant.
770 795 862 842 Sed
886 810 988 840 non
1022 810 1080 839 eo
1108 794 1261 840 secius
1290 792 1332 825 »⁶¹
1366 792 1579 838 inritatis
1600 808 1712 853 pro·
1738 794 1742 799 ’

359 878 491 924 tinus
526 879 716 924 Graecis
751 879 941 940 capitur
975 877 1143 923 civitas
1177 889 1513 938 vastaturque,
1553 876 1711 924 nihilo

361 961 523 1006 minus
559 978 668 1026 rege
701 961 753 1006 in
787 977 934 1023 opere
966 960 1204 1012 fervente,
1253 965 1385 1023 Quae
1420 975 1538 1005 vero
1570 958 1717 1021 septi-

363 1060 443 1090 ma
465 1045 635 1090 civitas
661 1045 874 1106 exempli
897 1056 1034 1091 metu
1060 1044 1121 1089 ad
1148 1043 1441 1090 modestiam
1464 1041 1606 1088 ducta
1628 1053 1714 1088 est.

467 1130 722 1174 LXXXIV.
758 1133 941 1173 Verum
972 1128 1040 1173 sic
1066 1127 1112 1160 (ε)
1148 1142 1342 1188 quoque
1364 1124 1717 1170 Maracundam

132 1182 349 1272 driffa‘ffffi:
365 1211 641 1263 contendit,
676 1209 764 1254 ubi
798 1212 873 1255 sui
907 1207 1203 1257 obsederiffl)
1237 1208 1527 1254 nuntiantur
1549 1208 1620 1262 (ὃ),
1670 1219 1721 1253 et

133 1296 230 1329 naim
260 1296 349 1328 aedi-
366 1306 613 1358 praeterea
670 1292 878 1353 Scythae
930 1303 1062 1337 trans
1117 1291 1325 1337 Tanaim
1376 1290 1719 1338 obturbabant.

133 1353 250 1386 ficano
287 1353 350 1400 ab<
369 1383 527 1442 Quare
561 1378 659 1422 suis
695 1376 824 1439 legat
858 1392 1067 1438 P1‘0Pere
1098 1375 1355 1436 suppetias·
1409 1379 1517 1436 ῙΡΒΘ
1551 1374 1722 1420 viceSi'

131 1409 300 1446 solvitur.

369 1478 447 1508 ma
471 1460 548 1506 die
566 1458 742 1504 urbem
763 1475 912 1520 quam
933 1459 1213 1521 praecoepit
1233 1457 1467 1504 substruit
1489 1455 1540 1489 (¹)
1562 1458 1720 1519 poena

369 1543 675 1606 captivorum
705 1559 816 1588 usus
854 1541 915 1588 ad
952 1541 1113 1602 operis
1149 1539 1515 1587 festinationem
1550 1541 1639 1586 tali
1668 1541 1722 1586 in

369 1642 592 1691 tempore
625 1623 909 1673 necessarii:
960 1623 1084 1670 datis
1118 1624 1294 1670 incolis
1329 1640 1448 1685 quos
1480 1630 1609 1670 aetas
1640 1638 1726 1672 aut

371 1714 573 1759 vulnera
605 1708 1008 1772 deprecabantur,
1046 1709 1168 1754 item
1182 1707 1223 1742 (f
1227 1707 1240 1740 )
1265 1708 1497 1753 militiam
1515 1710 1726 1756 nolenti-

370 1796 460 1842 bus
494 1807 577 1840 aut
609 1794 759 1839 etiam
791 1791 1147 1854 nequeuntibus
1180 1803 1228 1838 et
1257 1792 1312 1837 in
1342 1791 1395 1837 id
1425 1791 1615 1839 idoneis
1645 1810 1726 1856 pe·

369 1879 483 1926 ritia
509 1877 907 1923 necessariorum.

161 1976 354 2023 Expeditio
471 1964 705 2009 LXXXV.
743 1965 925 2006 Verum
953 1957 1328 2007 imminentibus
1351 1959 1539 2019 Scythis
1566 1978 1730 2024 super-

138 2036 175 2069 in
203 2034 352 2079 scythas
371 2045 459 2099 be,
506 2045 546 2090 is
589 2048 757 2106 (saepe
773 2044 825 2082 (ἕ)
861 2055 1095 2089 conatum
1126 2059 1239 2087 cum
1269 2042 1499 2089 sacrificia
1532 2045 1729 2092 cohibe-

139 2101 233 2125 trans
315 2101 355 2123 a-

137 2150 247 2183 naim.
280 2092 310 2125 Τ
371 2140 505 2183 rent,
551 2126 699 2189 idque
745 2125 1068 2186 creberrime)
1110 2126 1266 2171 vincit
1309 2127 1619 2188 imperatoria
1657 2129 1732 2174 in-

417 2250 471 2282 (a)
495 2248 578 2276 cod.
606 2244 708 2275 curbi.
749 2245 796 2281 (b)
822 2246 905 2275 Cod.
942 2246 1006 2275 Sed
1039 2257 1095 2276 nos
1126 2256 1176 2275 eos
1202 2249 1297 2278 etius.
1335 2249 1379 2280 (c)
1405 2246 1489 2276 Cod.
1515 2249 1553 2277 si.
1603 2247 1660 2282 (d)
1684 2251 1734 2279 lta

374 2299 454 2328 cod.
479 2294 628 2326 obsederi
642 2315 652 2330 ‚
678 2302 712 2325 at
734 2296 884 2326 inferius
905 2294 1147 2325 ohsidabaneur.
1184 2298 1228 2329 (e)
1246 2297 1391 2327 videtur
1410 2297 1628 2327 scribendum
1649 2309 1733 2328 nun·

371 2345 559 2378 citabantur.
606 2345 666 2381 (s)
691 2347 771 2374 Cod.
794 2345 894 2374 idem.
930 2347 984 2384 (g)
1008 2345 1087 2373 Cod.
1115 2344 1262 2383 hisnepe.

435 2438 498 2489 (1)
532 2441 620 2475 Cod.
649 2439 797 2473 subruit.
843 2440 923 2474 Sed.
959 2441 1106 2474 omnino
1150 2441 1341 2474 dicendum
1369 2440 1550 2475 substruit.
1600 2443 1732 2488 Agitur

377 2500 473 2533 onim
496 2498 539 2531 de
563 2497 705 2532 condita
729 2497 952 2533 Alexandria
980 2498 1024 2530 ad
1051 2498 1214 2531 Tanaim.
1267 2498 1398 2531 Recole
1427 2509 1501 2543 cap.
1524 2508 1670 2533 LXXXI.
1696 2507 1730 2532 et

383 2557 572 2590 Arrinnum
600 2565 654 2587 IV.
689 2561 718 2587 5.
