1752 3116
515 117 618 156 SEV
645 116 819 157 LIBER
847 116 924 156 111.
1312 120 1390 157 223

47 230 184 282 „Silia
219 230 293 275 uti
329 228 519 277 deserto
566 248 645 276 me
685 231 892 277 solitarii
938 228 997 274 ad
1044 229 1391 281 Macedoniam

44 344 63 365 „
79 312 340 374 repedetis,
376 314 444 359 ite
478 324 611 359 sane:
658 313 813 360 libens
848 330 935 360 vos
970 314 1095 359 votis
1129 331 1392 376 properan-

41 395 204 450 „tibus
241 413 534 458 prosequar:
571 395 721 442 modo
767 397 807 442 si
849 395 1082 442 concordi
1128 398 1292 444 animo
1338 397 1393 444 id

39 479 228 533 „facere
272 480 493 542 possitis,
548 495 704 539 neque
738 478 1021 524 dissidentes
1054 479 1106 524 in
1141 481 1275 525 nulla
1311 498 1394 542 pe·

40 562 223 614 „ricula
268 561 695 624 prolabamini(‘²’‚
734 579 792 607 ex
827 563 934 624 quis
968 562 1112 609 facile
1156 565 1390 618 noscatis,

37 661 271 697 „omnem
307 645 543 691 exercitus
579 643 826 691 Fortunam
862 656 1009 706 atque
1031 646 1263 693 virtutem
1277 664 1391 694 con-

37 728 232 782 „sistere
277 722 329 772 in
377 729 542 773 animo
588 727 820 789 sapientis
863 727 1216 788 imperatoris«.
1299 731 1388 776 His

37 811 238 864 auditis,
309 822 507 857 cunctos
558 811 741 872 pariter
783 810 1085 872 poenitentia
1136 811 1386 877 fatigabat,

38 893 346 940 Confirmatis
384 894 594 955 denique
628 893 826 946 animis,
870 906 1108 955 quaesunt
1142 907 1190 941 et
1225 895 1389 941 sedare

34 975 336 1022 iracundiam
389 975 537 1040 regis,
597 987 644 1022 et
702 977 773 1021 uti
820 994 870 1023 se
913 975 1279 1024 obsecutoribus
1328 977 1388 1024 ad

37 1059 216 1122 cupita,

134 1145 214 1188 IV.
271 1145 430 1203 Atque
475 1142 544 1187 ita
597 1141 713 1187 fines
756 1141 924 1188 Indiae
974 1143 1200 1207 ingressis
1246 1142 1382 1188 obvii
1402 1123 1619 1218 ΥΞΟΞΙῙᾟΞΖ

31 1224 165 1270 fuere
199 1225 346 1288 legati
381 1241 500 1286 quos
535 1242 618 1270 rex
653 1228 803 1270 Porus
840 1224 901 1269 ad
922 1225 1246 1271 Alexandrum
1269 1242 1383 1271 cum
1404 1214 1592 1276 xandnim.

31 1307 206 1353 litteris
253 1307 482 1360 miserat,
542 1323 748 1369 quarum
803 1309 1041 1353 sententia
1096 1308 1213 1353 haec
1260 1319 1382 1354 erat:

30 1393 214 1443 „Porus
247 1407 332 1435 rex
365 1391 637 1437 Alexandro
677 1389 795 1435 dicit
831 1391 962 1436 haec.
1002 1391 1274 1436 Incursanti
1313 1392 1386 1435 in-

34 1473 356 1535 >‚festantique
393 1473 484 1520 tibi
519 1473 637 1520 fines
672 1490 727 1519 ac
766 1474 984 1521 civitates
1021 1490 1150 1519 meas
1186 1473 1383 1528 mando,

35 1587 53 1609 ‚‚
67 1555 359 1609 Alexander,
397 1555 630 1619 dicoque,
667 1558 741 1603 uti
776 1573 889 1602 cum
924 1558 973 1602 t'e
1009 1558 1260 1602 hominem
1285 1573 1386 1602 me·

33 1639 291 1693 „mineris,
326 1640 453 1685 nihil
501 1640 565 1687 ad
614 1645 744 1687 Deos
790 1640 1113 1686 inconsultius
1158 1641 1381 1688 moliare.

31 1727 232 1784 >,Neque
266 1723 398 1768 enim
431 1740 635 1787 urguere
670 1735 719 1769 te
755 1722 934 1769 debent
969 1722 1030 1768 ad
1074 1739 1197 1769 ausa.
1234 1735 1385 1769 teme·

29 1809 185 1861 „saria
221 1806 449 1853 fortunae
481 1805 743 1851 hominum
784 1804 1174 1851 inbecilliorum:
1224 1808 1386 1853 horta-

34 1889 203 1951 „rique
237 1889 311 1934 uti
353 1888 499 1936 Indos
544 1889 773 1941 incessas,
821 1887 954 1949 quod
997 1886 1091 1933 tibi
1140 1886 1291 1934 fuerit
1330 1891 1384 1935 in

37 2002 57 2026 ,‚
72 1976 230 2017 Persas
266 1971 460 2018 fortuna
496 1972 778 2033 proclivior.
824 1975 938 2017 Non
974 1972 1107 2018 enim
1149 1982 1197 2018 te
1232 1989 1290 2018 ex
1325 1988 1383 2018 eo

37 2055 222 2108 „iuvari
267 2056 531 2117 speraverit
552 2051 599 2087 (ὃ)
644 2056 796 2100 virtus
838 2066 948 2108 tua,
1009 2071 1122 2100 cum
1165 2056 1383 2117 primum

35 2138 215 2192 >>nostri
253 2139 435 2200 ceperis
471 2138 875 2200 experimentum.
921 2142 1058 2184 Patet
1078 2138 1256 2200 quippe
1283 2138 1383 2184 cui-

33 2220 135 2276 „vis
171 2237 309 2266 nosse
345 2221 450 2282 quis
485 2223 571 2267 ille
605 2222 699 2266 sim
732 2224 909 2275 Porus,
958 2232 1007 2266 et
1047 2222 1173 2266 nulli
1218 2221 1382 2267 adver-

34 2335 52 2358 »
67 2321 169 2350 sum
209 2320 296 2350 nos
331 2304 524 2351 licuerit
559 2323 616 2352 ex
650 2305 939 2352 fortitudine
964 2303 1022 2349 (⁶).
1061 2304 1252 2367 Quippe
1283 2320 1383 2350 non

36 2388 291 2441 „homines
327 2388 476 2434 modo
511 2405 682 2434 verum
718 2389 866 2433 etiam
910 2391 1039 2433 Deos
1083 2388 1267 2433 viribus
1304 2404 1384 2432 an-

78 2529 128 2555 ‹a›
154 2525 233 2553 Cod,
260 2523 489 2560 prohhamini.
540 2522 585 2556 (b)
610 2525 690 2553 Cod.
716 2529 778 2552 aut
802 2531 999 2560 speraverat.
1037 2525 1083 2557 (c)
1108 2526 1156 2553 Ita
1183 2524 1257 2553 cod.
