1732 3121
547 184 652 224 SEV
676 183 849 225 LIBER
877 181 953 222 ΙΙΙ.
1005 186 1007 188 ’
1339 185 1417 222 259

65 301 371 353 perimentum,
398 301 499 354 quin
519 308 562 339 te
596 312 761 353 quoque
793 299 864 338 sui
903 307 1130 350 conspectu
1163 300 1416 352 dignentur.

65 375 214 413 Multa
247 375 390 425 igitur
417 374 674 412 eiuscemodi
702 387 800 411 *cum
842 387 920 423 per
957 386 1077 412 omne
1112 373 1200 411 iter
1236 374 1413 412 vidisset

65 447 390 499 audivissetque
427 446 699 496 Alexander,
750 446 925 484 tandem
959 459 1049 484 cum
1097 445 1321 486 Candaule
1354 445 1414 483 ad

64 521 229 572 regiam
263 519 479 559 Candacis
509 520 639 559 venit.

147 590 260 630 LVI.
305 592 450 655 Quare
473 592 557 628 iam
581 591 769 640 primum
779 583 959 644 fratres
982 591 1074 630 eius
1093 597 1271 643 postque
1294 598 1336 629 et
1351 603 1414 628 re·
1460 594 1644 628 Adventu>

64 666 174 717 gina
200 673 339 703 mater
360 678 454 701 cum
482 663 630 714 regiae
653 675 836 714 pompae
852 664 1065 703 comitatu
1097 662 1320 703 Candauli
1346 663 1412 700 οἷ’-
1430 652 1464 713 ὺξ
1500 651 1644 685 Canda-

63 740 259 786 viantes,
293 738 338 776 in
357 737 591 786 conplexus
612 737 702 775 eius
725 735 1046 786 gratulabundi
1069 736 1233 774 irruere
1254 737 1413 786 gestie·
1430 720 1477 740 ω
1509 706 1641 741 aulam.

67 811 184 850 bant.
249 811 336 850 Sed
357 811 468 848 enim
495 811 720 859 praevenit
746 809 948 860 iuvenis,
980 822 1054 847 nec
1080 809 1204 859 prius
1227 808 1313 847 sibi
1335 809 1412 846 ad·

55 879 216 940 fectus
243 883 417 921 huiusce
436 881 637 934 obsequia
658 882 878 931 deposcit,
912 895 1038 934 quam
1064 883 1290 933 Antigono
1312 896 1413 932 gra-

66 959 156 997 tias
173 971 302 1008 super
328 956 484 994 adiuto
506 967 594 992 sese
619 969 671 991 ac
697 954 883 992 liberata
914 956 1093 1005 coniuge
1125 949 1315 1009 confessi
1335 948 1417 1009 so-

66 1039 181 1070 rent.
242 1032 372 1070 Hunc
397 1028 507 1066 enim
534 1027 800 1077 Antigonum
831 1028 1147 1066 internuntium
1181 1042 1267 1066 esse
1300 1029 1415 1079 regis

66 1103 310 1144 Alexandri
330 1114 549 1154 secumque
577 1100 784 1151 legatum.
846 1102 886 1139 Τ
883 1115 964 1139 unc
989 1100 1293 1154 quaerentibus
1314 1114 1417 1151 gra-

68 1179 160 1217 tiae
182 1176 423 1215 novitatem
454 1182 496 1212 et
523 1174 728 1211 iniuriam
747 1180 904 1222 raptae
927 1173 1123 1224 coniugis
1143 1182 1186 1211 et
1211 1173 1416 1212 ultionem

65 1250 236 1300 provisi
257 1246 450 1302 beneficii
470 1241 630 1300 refert.
691 1246 811 1296 Ergo
835 1255 974 1296 agunt
991 1247 1166 1298 gratias
1188 1247 1361 1284 iuvenes
1375 1255 1418 1285 et

69 1323 223 1374 regina
244 1321 437 1359 laetatur
465 1320 630 1358 ultione
643 1315 694 1345 (α)
726 1318 899 1368 pariter
927 1321 1129 1359 temerati
1165 1318 1420 1358 Candaulae

70 1405 113 1436 et
144 1398 392 1446 integr-atae
435 1406 568 1431 nurus
610 1391 783 1430 illibata
817 1390 1011 1434 laetitia.
1064 1393 1204 1432 Coena
1236 1391 1422 1444 denique

69 1468 398 1522 gratulatoria,
432 1465 505 1503 ubi
527 1466 578 1503 id
598 1475 788 1515 tempus,
822 1477 1003 1514 operosa
1025 1475 1069 1504 et
1093 1465 1256 1516 regalis
1286 1478 1423 1515 appo-

71 1542 220 1581 nitur.-
250 1549 292 1578 et
314 1548 378 1578 est
401 1539 545 1577 videre
564 1537 690 1588 apud
712 1536 813 1576 illos
836 1536 1063 1576 lasciviam
1081 1537 1338 1589 barbaram,
1357 1538 1425 1576 in-

54 1614 222 1653 ·cubare
243 1612 430 1663 pretiis,
462 1611 646 1650 illudere
666 1610 852 1660 pretiis,
882 1612 957 1649 sed
979 1619 1023 1650 et
1045 1612 1156 1652 vesci
1177 1612 1230 1650 de
1251 1611 1424 1662 pretiis.

155 1683 287 1724 LVII.
327 1684 579 1736 Insequenti
596 1692 738 1722 autem
760 1676 806 1711 (ὅ)
837 1684 910 1722 die
940 1698 1031 1722 cum
1062 1684 1261 1724 Candace
1286 1691 1427 1722 osten·
1483 1697 1660 1731 Candacis

74 1760 247 1798 tatione
269 1757 395 1808 regia
418 1756 712 1805 processisset,
743 1755 930 1805 superba
956 1757 1187 1796 admodum
1211 1764 1426 1808 gemmato
1445 1752 1565 1789 luxus.

75 1838 299 1872 stemmate
325 1838 368 1868 et
387 1835 599 1879 gemmato
626 1827 898 1878 diademate,
927 1838 1103 1869 statura
1129 1830 1324 1880 auctior,
1363 1842 1430 1866 ae-

74 1914 169 1945 tate
194 1902 443 1943 veneranda
467 1898 546 1950 (ut
571 1900 826 1940 Alexandro
847 1903 1102 1942 recordanti
1122 1903 1181 1942 ad
1211 1902 1429 1955 Olympia-

75 1977 170 2016 dem
196 1984 377 2014 matrem
400 1975 492 2013 eius
515 1975 766 2014 aestimatio
790 1975 1066 2027 conveniret)
1098 1975 1225 2014 dedit
1251 1987 1429 2025 prorsus

74 2051 177 2096 sciri
205 2061 293 2088 sese
328 2056 371 2087 et
401 2047 666 2099 opulentiam
707 2061 842 2089 suam.
912 2049 1087 2088 Domus
1115 2060 1221 2087 vero
1255 2050 1430 2099 egregio

78 2135 205 2174 opere
226 2123 446 2161 elaborata,
468 2121 618 2175 hisque
639 2120 828 2160 metallis
867 2121 1091 2173 insignita
1121 2129 1245 2168 erat,
1287 2129 1336 2159 ut
1371 2123 1434 2159 in-

78 2194 295 2235 tuentibus
322 2194 531 2245 splendor
565 2196 747 2235 ornatus
777 2195 952 2245 pariter
984 2203 1029 2234 et
1064 2193 1275 2234 celsitudo
1310 2192 1437 2232 moli-

79 2268 208 2307 minis
236 2267 424 2321 undique
446 2268 556 2308 sudo
579 2269 765 2322 quodam
794 2276 838 2307 et
867 2270 1021 2320 ignoto
1043 2265 1090 2298 (ι’)
1119 2267 1278 2306 lumine
1314 2280 1437 2306 coru-

81 2348 248 2380 scaret.-
279 2339 394 2378 nihil
418 2342 465 2379 in
488 2355 576 2380 sese
612 2342 769 2392 dispar
805 2351 885 2380 aut
923 2342 1110 2381 alienum
1130 2335 1184 2371 (d)
1207 2341 1437 2393 possidens

82 2426 389 2466 usquequaque
412 2413 593 2453 lucebat.
659 2414 820 2454 Omnia
841 2423 953 2454 veste
972 2416 1110 2454 serica
1128 2439 1141 2461 ‚
1173 2415 1314 2453 colore
1335 2429 1435 2465 pur-

117 2570 170 2603 (α)
190 2569 273 2598 cod.
296 2567 469 2599 ulcionem.
500 2566 546 2601 (b)
572 2568 653 2599 Cod.
676 2576 804 2601 tamen.
831 2570 876 2604 (c)
900 2570 948 2600 Ita
971 2568 1047 2598 cod.
1073 2569 1126 2602 (d)
1150 2567 1234 2596 Cod-
1257 2565 1362 2596 altus.

1070 2620 1175 2676 17*
