1752 3116
391 180 440 216 76
857 174 1252 220 ITINERARIVM

209 333 372 368 A1exan-
487 295 605 338 CIII.
639 291 718 339 Ad
747 292 885 344 haec,
931 292 1059 352 siqui
1095 290 1351 338 rebellium
1384 292 1584 354 reliqui,
1622 308 1727 339 om-

155 390 217 422 der
266 390 370 423 deni·
387 373 529 421 nibus
563 374 762 437 perditis
785 374 1110 437 subiugatisve
1144 375 1367 437 repedata
1401 380 1569 422 Bactra
1603 387 1726 421 tem-

150 455 366 536 ΞᾎΞωῖζξὶω
385 474 503 518 pore
556 475 653 519 quo
698 459 1011 505 Callisthenes
1055 472 1150 502 una
1206 474 1320 503 cum
1362 457 1728 519 insidiatoribus

150 531 342 603 impl-»rium
385 540 506 603 regis
549 553 845 602 suspectatus
892 553 978 588 est.
1047 544 1151 586 Hac
1171 540 1224 572 (a)
1258 539 1348 587 sub
1394 540 1491 588 fine
1525 543 1728 588 Alexan·

150 615 218 677 sibi
245 616 359 663 acqui·
383 622 469 668 dro
516 626 770 669 Persarum
824 623 1085 685 imperium
1132 624 1427 689 integratum
1473 636 1569 678 est,
1627 641 1724 686 quo

149 680 207 704 nt.
384 705 567 751 tuendo
614 713 852 767 Amyntae
902 706 1044 762 dato,
1097 707 1279 752 Bactris
1335 707 1438 769 ipse
1479 706 1727 770 profectus

382 789 726 836 retransmittit
748 785 794 822 (b)
835 789 1057 851 protinus
1099 796 1363 837 Caucasum
1407 806 1550 853 quern
1595 793 1748 836 eum-'

381 872 494 918 dem
527 877 745 918 Taurum
767 872 813 905 (⁶)
856 871 1068 919 diximus
1093 872 1169 928 (ι),
1224 874 1428 921 nomine
1472 873 1623 920 modo
1667 873 1727 919 de

381 957 752 1003 continuatione
785 967 989 1002 mutato.

225 1070 366 1105 Taxilis
479 1044 593 1087 CIV.
641 1038 908 1084 Undecima
943 1038 1022 1085 die
1057 1057 1204 1102 quam
1243 1058 1389 1103 super
1422 1039 1625 1087 molitus
1658 1050 1730 1086 est

145 1127 256 1190 regi-s.
285 1123 484 1170 indiillic
505 1122 845 1171 Alexandriam
869 1122 920 1153 <²²
954 1124 1101 1169 venit.
1161 1125 1478 1172 Transmissis
1508 1124 1623 1170 inde
1654 1139 1723 1168 re·

146 1184 293 1217 ‹le-huo.
376 1205 606 1271 gionibus
641 1205 1225 1266 Parapapisamidium(d>‚
1271 1225 1455 1270 perque
1496 1209 1728 1253 Nicaeam

379 1288 620 1352 oppidum
666 1299 715 1334 et
749 1289 1009 1351 Cophoena
1034 1290 1081 1322 (θ)
1122 1289 1303 1336 flumen
1348 1290 1527 1336 Indum
1561 1301 1726 1353 petere

376 1372 654 1425 contendit,
691 1373 860 1430 Taxile
883 1372 976 1418 sibi
1000 1373 1257 1428 munifico,
1296 1375 1381 1436 qui
1403 1385 1583 1437 partes,
1621 1372 1725 1435 qui·

374 1455 465 1501 bus
484 1437 752 1508 viandum‚¹
775 1456 956 1516 primas
988 1457 1155 1503 Indiae
1189 1469 1305 1504 tunc
1329 1456 1549 1509 tenebat,
1587 1473 1723 1503 eum-

375 1555 468 1601 que
512 1538 787 1600 praemittit
817 1537 872 1572 (f)
908 1555 1002 1584 una
1037 1541 1131 1587 suis
1174 1554 1392 1603 paratam
1428 1540 1537 1586 Indi
1571 1551 1724 1586 trans-

370 1622 655 1669 missionem
686 1634 915 1668 conatum
938 1623 1004 1674 (5),
1060 1625 1289 1686 Denique
1313 1625 1481 1671 datum
1508 1625 1724 1670 hostium

369 1706 543 1753 ducem
585 1705 831 1753 viantibus
870 1705 1167 1753 intercedere
1201 1709 1397 1769 capiunt
1420 1707 1496 1754 (ωε
1553 1708 1719 1769 itaque

369 1791 623 1852 perviam,
671 1789 839 1836 multis
874 1789 980 1835 aliis
1010 1789 1233 1854 gentibus
1266 1793 1413 1840 caesis
1447 1804 1494 1839 et
1525 1791 1719 1853 oppidis

369 1875 537 1935 captis.

402 2004 452 2037 (a)
478 2003 558 2030 cod.
580 2001 672 2031 baec.
710 1999 756 2035 (b)
777 2005 827 2031 lta
849 2004 927 2032 cod.
953 2005 1210 2034 retr-ammittit.
1248 2005 1293 2036 (c)
1319 2004 1402 2032 cod.
1428 2006 1646 2044 Caua-amque
1670 2006 1719 2034 in-

367 2053 478 2082 remin
509 2052 659 2080 Taurum
675 2056 740 2080 etc.
777 2051 833 2086 (d)
858 2054 909 2081 lta
933 2053 1013 2082 cod,
1049 2055 1096 2087 (ε)
1119 2053 1202 2082 Cod.
1222 2054 1346 2083 Poena.
1382 2054 1438 2090 (f)
1461 2055 1719 2092 praetermittit.

427 2154 486 2199 (1)
519 2156 604 2200 Cap.
635 2165 761 2189 LXXV.

427 2211 486 2256 (2)
518 2211 692 2245 Arrianus
719 2222 774 2246 1v.
799 2218 853 2247 22.
885 2212 935 2245 ait
959 2212 1208 2247 Alexandrum
1240 2213 1444 2248 transmisso
1474 2214 1630 2248 Caucaso
1653 2226 1717 2247 vv-

369 2270 463 2303 nisse
495 2268 632 2302 decima
667 2269 724 2301 die
752 2269 1012 2303 Alexandriam
1044 2282 1152 2316 quam
1186 2271 1281 2316 apud
1315 2271 1608 2318 Parapamisadas
1638 2271 1716 2316 ipso

368 2326 576 2360 condiderat
606 2338 715 2372 quum
746 2327 903 2371 primum
932 2326 968 2358 in
998 2327 1124 2360 Bactra
1157 2327 1318 2361 irrueret.

427 2382 484 2427 (5)
511 2383 648 2427 Nempe
662 2383 847 2427 praemittit
862 2383 904 2416 ad
918 2385 1121 2417 conandum
1133 2384 1214 2417 Indi
1227 2384 1384 2418 fluminis
1398 2384 1713 2418 transmissionem.

426 2440 483 2484 (4)
515 2440 566 2472 Ita
592 2440 738 2473 omnino
762 2452 798 2473 se
819 2441 923 2473 habet
946 2440 1043 2473 locus
1067 2441 1102 2473 in
1126 2441 1260 2475 codiee.
1307 2441 1465 2475 Videtur
1491 2449 1611 2474 autem
1631 2453 1714 2474 sen-

372 2497 477 2529 remia
498 2510 504 2528 :
540 2496 694 2543 Denique
711 2496 860 2530 hostium
881 2497 1003 2530 ducem
1025 2498 1165 2531 missum
1187 2498 1234 2530 acl
1252 2497 1537 2532 intercedendum
1553 2499 1711 2543 capiunt.

369 2554 579 2585 Sumit-abar
599 2554 706 2587 etiam
731 2555 848 2587 locum
872 2566 945 2587 csse
959 2563 1186 2600 corruptum,
1218 2555 1564 2602 intelligendumque
1590 2556 1712 2588 Aseem
