1732 3121
292 203 371 243 285
666 202 1022 244 ALEXANDRI
1052 204 1256 244 oBlTvs

290 328 367 363 tus
403 333 515 364 cum
537 317 721 383 gemitu
743 319 810 364 sic
845 317 936 362 ait:
976 321 1068 363 Pro
1093 316 1221 364 bone
1241 317 1473 380 Iuppiter,
1493 337 1639 384 quam

290 399 417 447 bona
453 418 526 447 res
563 413 634 447 est
666 401 908 465 ignoratio
953 399 1350 447 metuendorum!
1395 402 1489 448 Sed
1528 404 1638 450 hac-

279 495 432 530 ,tenus
467 484 553 529 illa
589 485 741 529 animi
776 485 1047 530 commotio
1085 484 1193 530 fuit.
1228 487 1487 548 Ceteroqui
1504 486 1641 533 (ὠνί-

293 567 452 613 riliter
486 581 534 613 et
568 567 740 614 decore
774 585 970 614 omnem
1005 551 1290 630 ⁸expectatae
1334 571 1507 617 mortis
1552 572 1642 617 im-

294 662 465 711 petum
501 650 854 713 opperiebatur.
893 651 1083 713 Quippe
1118 652 1202 713 qui
1248 665 1441 713 praeter
1488 667 1643 702 cetera

297 749 356 779 eo
394 751 586 795 quoque
619 750 670 779 se
703 735 940 780 solaretur
960 730 1032 788 (ὓ),
1070 734 1204 798 quod
1236 734 1416 783 divinis
1444 738 1644 785 honori-

299 814 386 862 bus
421 815 553 861 haud
586 818 758 878 procul
792 817 933 863 foret.

122 909 285 946 Alexan·
398 902 657 946 LXXXIX.
706 905 831 965 Ergo
869 901 1057 948 occasio
1092 902 1339 949 moriendi
1384 903 1494 949 talis
1538 901 1647 950 fuit.

67 966 155 1058 ἐξ,
174 981 285 1072 νὲῗξί
301 987 464 1030 Mater
500 984 603 1030 eius
639 982 700 1030 ad
735 1002 846 1030 eum
882 985 1137 1047 scripserat
1169 1003 1312 1049 super
1336 987 1581 1050 Antipatri
1604 999 1655 1034 et

67 1080 225 1128 pinam.
302 1066 691 1130 Divinopatri(¹)
737 1068 1090 1123 simultatibus,
1144 1069 1438 1132 petebatque
1483 1082 1540 1115 ut
1584 1069 1650 1116 ob

301 1149 355 1196 id
389 1150 550 1211 ipsum
584 1149 645 1195 ad
679 1151 884 1211 Epirum
920 1151 989 1195 ire
1024 1152 1351 1203 contenderet,
1401 1152 1496 1199 Sed
1519 1153 1653 1198 enim

300 1231 567 1280 Alexander
591 1248 703 1278 cum
740 1232 791 1278 id
822 1235 1044 1280 virorum
1061 1234 1274 1299 iurgium
1295 1233 1469 1282 deduci
1489 1237 1657 1290 vellet,

351 1383 416 1416 (a)
439 1382 524 1411 cod.
548 1390 737 1424 ceteraque.
790 1382 836 1418 (b)
858 1384 942 1414 cod.
974 1382 1125 1413 Tolacur.

305 1509 571 1546 servationem:
603 1522 696 1556 quae
722 1522 777 1544 res
807 1511 1046 1545 narrationem
1077 1508 1251 1544 Historici
1285 1509 1400 1543 nostri
1428 1509 1478 1543 ita
1509 1508 1662 1542 fortasse

307 1567 477 1613 respicit,
505 1575 545 1599 ut
566 1566 658 1600 mihi
671 1567 754 1601 hinc
776 1568 895 1614 aliqua
916 1568 1053 1601 oriatur
1074 1566 1230 1612 suspicio
1247 1591 1258 1608 ,
1285 1567 1472 1612 Aesopum
1490 1573 1573 1600 ante
1596 1565 1661 1600 Se-

308 1636 416 1661 necae
441 1632 477 1656 et
496 1624 600 1657 Fusci
625 1632 777 1658 aetatem
799 1625 990 1657 historiam
1013 1635 1113 1657 suam
1137 1624 1305 1659 elidisse.

369 1677 431 1729 (1)
466 1682 508 1713 In
531 1680 652 1714 codice
677 1683 718 1715 Ἰ·
740 1681 878 1714 Valerii
901 1682 1035 1727 legitur
1057 1680 1180 1714 divino
1202 1680 1318 1726 patris
1333 1703 1344 1720 ‚
1376 1685 1410 1711 at
1432 1677 1471 1710 in
1506 1676 1577 1710 alio
1607 1677 1663 1709 la-

313 1739 388 1773 tino
413 1738 670 1782 DivinopatriS.
731 1737 943 1772 Vincentius
966 1737 1231 1771 Bellovacensis
1258 1732 1402 1780 Specul.
1418 1734 1499 1768 hist.
1522 1743 1578 1768 1v.
1606 1737 1661 1769 64.

313 1796 421 1829 habet
449 1794 494 1827 cle
513 1791 749 1827 simultatibus
776 1795 968 1840 Antipatri
984 1803 1020 1827 et
1040 1793 1196 1827 divortio
1227 1792 1357 1826 Patris.
1419 1791 1533 1825 Divus
1545 1790 1665 1825 Anto-

314 1852 418 1887 ninus
447 1850 576 1886 Chron.
606 1850 661 1885 tit.
688 1860 744 1884 IV.
772 1863 849 1897 cap.
880 1852 929 1886 II.
957 1851 996 1886 ff.
1021 1855 1076 1884 15.
1100 1850 1144 1883 de
1163 1847 1404 1884 simultatibus
1427 1848 1615 1893 Antipatri
1631 1854 1665 1879 et

314 1908 471 1943 divortio
487 1908 595 1953 patri.
637 1906 731 1942 Mihi
752 1920 835 1942 vero
857 1908 956 1942 locus
977 1907 1169 1940 mendosus
1192 1905 1379 1940 videbatur
1403 1904 1510 1948 (nam
1538 1912 1573 1938 et
1609 1903 1668 1937 di-

314 1965 472 2000 vortium
494 1963 687 2010 pristinum
718 1964 948 2010 Olympiadis
981 1974 1016 1997 et
1044 1963 1205 2010 Philippi
1240 1963 1304 2010 qui
1338 1969 1478 2008 poterat
1509 1971 1668 1995 comme-

315 2020 506 2066 morari‘3)
536 2021 800 2067 legendumque
823 2021 1026 2068 suspicabar
1048 2019 1290 2066 Cleopatrae,
1322 2027 1428 2065 atque
1454 2017 1663 2051 faciendum

317 2091 437 2114 eorum
463 2090 508 2112 ex
543 2079 700 2113 virorum
723 2079 821 2124 quod
851 2079 1020 2124 deinceps
1053 2078 1224 2124 sequitur.
1266 2078 1432 2122 Namque
1456 2074 1513 2108 uti
1547 2082 1667 2108 narrat

317 2136 529 2173 Plutarchus
552 2147 587 2181 p.
614 2140 668 2170 89.
693 2135 738 2169 ob
767 2136 898 2169 falsum
921 2136 964 2169 de
997 2143 1112 2168 morte
1149 2133 1348 2169 Alexandri
1384 2132 1555 2165 nuncium
1584 2130 1673 2181 «3155

313 2195 540 2241 Ἀπίπατςον
570 2191 773 2240 Ὀλυμπιὰς
813 2197 871 2230 καὶ
903 2191 1106 2241 Κλεοπάτρα
1145 2189 1376 2228 στασιάσασαι
1420 2192 1579 2226 διείλοντο
1610 2186 1676 2234 τήν

319 2249 461 2300 ἀρχὴν,
490 2248 699 2297 Ὀλυμπιὰς
726 2252 989 2300 μὲν“”Ητειςσν,
1019 2247 1222 2298 Κλεοπάτρα
1246 2251 1282 2284 δὲ
1308 2250 1527 2285 Μακεδονίαν
1559 2259 1673 2296 παρα-

321 2312 507 2351 zaunio-a:
553 2306 752 2356 Olympias
774 2316 809 2341 et
831 2307 1026 2353 Cleopatra
1050 2302 1067 2353 (
1083 2319 1182 2339 soror
1197 2304 1394 2340 Alexandri
1410 2302 1427 2353 )
1455 2312 1580 2338 contra
1595 2303 1675 2337 An-

324 2367 496 2411 tipatrum
515 2363 768 2398 tumultuantes
789 2366 1010 2410 provinciam
1032 2364 1105 2396 eius
1137 2365 1295 2409 partitae
1325 2370 1427 2395 sunt.-
1473 2359 1674 2408 Olympias

328 2421 502 2469 Epirum,
545 2421 804 2455 Macedoniam
833 2421 1031 2468 Cleopatra
1070 2421 1228 2466 sumpsit.
1286 2420 1326 2453 Id
1357 2418 1514 2459 facinus,
1548 2427 1677 2464 quam-

328 2491 434 2526 quam
470 2470 871 2522 aliter-*dcfofmatum‚
909 2478 999 2512 mihi
1022 2477 1289 2523 quodammodo
1313 2489 1332 2510 a
1364 2477 1406 2509 Ἰ·
1446 2473 1592 2508 Valerio
1619 2472 1680 2507 in-

330 2536 392 2570 nui
420 2536 573 2571 videtur.
613 2537 749 2568 Verum
771 2543 809 2568 ut
841 2537 879 2570 iu
902 2548 938 2569 re
962 2534 1052 2569 mihi
1093 2535 1237 2580 quidem
1279 2533 1365 2567 satis
1393 2531 1502 2565 dubia
1533 2530 1679 2575 sapien-

333 2593 463 2627 tiorum
487 2592 621 2626 iudicio
649 2592 802 2626 libenter
832 2594 1009 2628 accedam.
