1752 3116
538 196 642 236 SEV
668 195 842 236 LIBER
859 195 918 235 11.
1320 197 1341 232 2
1352 197 1398 232 15

55 308 239 370 „spatia
272 307 379 355 viae
412 307 636 372 publicae
675 320 1059 355 consternantur.
1125 306 1398 369 Solempni-

50 404 202 446 „tates
237 393 377 440 vobis
422 404 471 440 et
514 392 776 438 certamina
826 391 1050 454 gymnica
1098 403 1265 437 erunt:
1312 389 1395 436 sed

53 475 216 528 „hisce
252 476 479 523 omnibus
511 473 751 536 praesides
774 473 886 519 dedi
909 491 966 520 ex
989 473 1275 521 Alexandria
1288 489 1395 518 mea

47 559 210 612 „viros
246 576 305 605 ex
336 564 556 625 Aegypto
593 556 768 619 quibus
815 573 985 603 aureae
1020 573 1216 619 quoque
1259 572 1395 602 coro-

47 657 197 695 ‚‚nae,
242 660 316 689 res
352 655 517 689 autem
538 641 590 674 (α)
639 653 687 688 et
746 642 951 687 amictus
1001 657 1273 703 purpureus
1325 651 1397 686 est

48 754 68 778 »
81 726 375 786 permissus:
410 737 697 789 praeterque
733 743 813 772 eos
846 725 1084 788 ingressus
1119 735 1303 770 ceteros
1325 740 1395 769 sa-

43 838 62 861 »
75 809 146 854 cri
179 810 451 872 templique
469 808 720 872 prohiberi
755 809 1004 872 [placuitL
1040 807 1223 856 Iudicia
1247 809 1392 853 etiam

42 919 61 943 »
77 906 198 952 quae
232 893 378 956 vulgo
413 892 647 954 privatim
683 894 884 956 quisque
917 891 1149 945 faciebat,
1184 892 1279 937 nisi
1308 908 1395 952 per

41 976 255 1026 >‚curiam
290 974 541 1036 publicam
576 976 829 1023 civitatum
873 975 1106 1022 celebrari
1148 991 1246 1020 non
1281 973 1394 1018 lice-

39 1055 160 1108 „bin
209 1061 276 1103 Ac
311 1057 351 1102 si
386 1069 577 1119 praeter
610 1060 727 1105 haec
762 1059 937 1121 aliquis
972 1075 1114 1104 ausus
1150 1057 1267 1111 erit,
1305 1058 1390 1101 ho-

38 1140 152 1193 „stis
188 1140 430 1202 supplicio
468 1141 755 1203 punietur«.
802 1147 865 1188 Et
897 1142 1016 1187 haec
1052 1140 1249 1204 quidem
1283 1139 1391 1185 Ale-

37 1222 252 1276 „xander
286 1222 453 1269 usibus
487 1223 713 1286 publicis.

135 1309 262 1352 XLI.
321 1306 464 1369 Quod
509 1323 625 1353 vero
673 1306 733 1352 ad
793 1306 1255 1369 conprehendendos
1310 1321 1391 1352 eos
1426 1314 1622 1353 Alexandri

1411 1376 1565 1409 edictum
1580 1371 1621 1403 de

1406 1431 1508 1467 Darii
1565 1429 1623 1462 in-

32 1473 305 1534 „Equidem
339 1490 420 1519 me
452 1471 639 1536 gaudeo
675 1474 868 1520 hostem
889 1476 1161 1520 maximum
1182 1473 1387 1519 Darium
1407 1486 1608 1522 terfectori-

1403 1547 1480 1580 bus.

33 1390 116 1450 qui
150 1391 359 1436 Darium
404 1389 687 1435 vulneribus
730 1390 1045 1444 incesserant,
1095 1390 1214 1436 dicit
1258 1390 1388 1440 haec,

34 1554 369 1621 „subiugasse‚
406 1554 606 1617 eiusque
641 1569 856 1603 mortem
897 1559 1015 1603 licet
1059 1558 1161 1619 ipse
1196 1572 1385 1602 exsecu-

29 1669 49 1692 >‚
63 1651 138 1685 tus
173 1655 275 1686 non
311 1634 432 1694 sim}
475 1638 632 1686 habeo
667 1653 834 1687 tamen
869 1641 1002 1687 hisce
1038 1641 1122 1702 qui
1165 1637 1217 1684 id
1262 1637 1384 1684 fece-

29 1723 161 1777 „rint
195 1723 414 1786 gratiam.
464 1728 623 1787 Quare
658 1724 792 1787 quod
836 1723 1218 1769 benivolentiam
1245 1739 1383 1768 suam

26 1835 46 1859 ‚‚
62 1821 170 1869 erga
207 1805 307 1850 mei
341 1805 559 1853 studium
592 1808 852 1869 protestati
888 1816 1022 1858 sunt,
1061 1805 1097 1849 ii
1134 1805 1312 1866 quique
1336 1802 1382 1835 (ὗ)

27 1898 171 1940 „sunt
206 1898 425 1933 auctores
459 1890 683 1944 huiusce,
720 1891 895 1936 hortor
930 1905 984 1934 ac
1019 1905 1198 1935 moneo
1236 1889 1310 1933 uti
1331 1905 1381 1933 se

28 1970 272 2033 „prodant
304 1971 526 2034 mihique
558 1973 800 2027 indicent,
837 1972 1056 2034 praemia
1103 1971 1263 2018 debita
1309 1987 1380 2016 re-

26 2085 45 2108 „
58 2055 259 2117 cepturi.
308 2059 444 2101 Neve
479 2056 611 2103 istud
644 2059 697 2104 in
744 2056 1030 2121 ambiguum
1077 2055 1380 2116 dubiumque

24 2168 43 2193 ‚‚
57 2140 163 2201 quis
200 2139 489 2195 transferat,
537 2141 648 2189 iuro
683 2143 989 2188 maiestatem
1034 2139 1184 2201 patris
1229 2142 1379 2184 Ham-

24 2222 218 2274 „monis
254 2234 303 2267 et
338 2224 642 2288 Olympiadis
677 2225 846 2271 matris
889 2239 1050 2277 meae,
1098 2222 1280 2285 quique
1325 2219 1378 2264 hi

26 2304 239 2358 „fuerint
273 2322 355 2352 eos
390 2324 470 2354 me
513 2308 745 2355 sublimes
792 2324 848 2354 ac
896 2306 1176 2354 notissimos
1221 2305 1377 2351 omni-

25 2388 143 2442 >‚bus
180 2387 484 2436 effecturum.
520 2396 693 2454 Neque
712 2392 847 2439 enim
867 2407 967 2437 non
1001 2389 1218 2435 maximo
1242 2387 1376 2450 digni

69 2591 120 2624 (a)
145 2570 229 2620 Cod.
254 2599 380 2622 tamen.
429 2591 474 2626 (b)
499 2593 579 2623 cod.
608 2602 745 2631 quoque.
