1752 3116
359 160 436 200 175
748 157 989 199 ALEXAN
996 157 1102 197 DRl
1132 158 1315 198 ORTVS

354 269 574 317 Addebat
606 272 754 318 etiam
768 290 780 318 :

472 379 546 411 Hos
577 379 640 412 tibi
671 390 790 412 muros
822 378 909 409 haec
940 377 1083 410 moenia
1113 379 1221 411 Zetus
1247 371 1300 404 (α)
1331 377 1393 410 ille

470 451 539 483 Vel
568 450 740 496 Anplxiou
769 449 886 495 stirpis
920 458 998 482 tuae.
1027 461 1106 494 pars
1138 449 1295 483 maxima
1327 443 1397 491 (¹),

472 524 644 568 Apolline
673 524 859 568 Musisque
890 521 1229 557 adminiculantibus

472 597 583 631 Fecit.
615 598 690 630 Nec
720 593 841 637 vides,
874 597 911 628 in
943 608 1018 629 rem
1050 604 1147 629 tuam
1177 596 1302 641 tuique

474 669 624 702 Generis
657 669 809 714 gloriam
840 678 873 701 te
905 667 1070 701 saevire?
1104 666 1203 714 Quid
1233 666 1330 713 quod
1366 658 1413 694 α’)

475 741 578 774 Idem
609 740 665 774 illi
692 742 756 776 Dii
784 742 968 787 praestitos
1001 750 1035 774 et
1065 741 1218 774 maiores
1249 740 1302 773 tui

477 814 671 847 Laetitiam
703 814 774 847 suis
807 823 841 847 et
870 815 1047 847 ultionem
1078 826 1122 847 ex
1150 813 1338 855 hostibus,

478 886 607 922 Pacem
638 888 791 935 denique
821 901 901 923 cum
931 882 977 915 (Ε)
1010 887 1144 933 ignotis

478 961 667 997 Maiestate
697 961 752 995 sui
781 969 815 994 et
845 961 1036 994 virtutibus
1067 959 1321 1005 pepererunt?

478 1034 556 1068 Ηοο
586 1035 695 1069 Liber
725 1046 769 1068 ex
799 1034 926 1076 India,
958 1035 1025 1067 hoc
1054 1033 1157 1066 nobis
1187 1033 1359 1067 Hercules

477 1109 536 1141 Ex
566 1107 664 1141 omni
693 1115 866 1141 terrarum
897 1107 980 1139 orbe
1011 1114 1204 1152 procurat:

480 1181 645 1226 Quorum
675 1188 711 1212 te
740 1180 835 1212 malo
866 1180 1086 1213 imitatorem
1115 1180 1233 1224 potius

482 1255 602 1297 Quam
631 1251 852 1285 invidentem
883 1251 1008 1284 fuisse.
1052 1251 1110 1286 An
1142 1251 1209 1287 tibi
1238 1261 1340 1298 putas

482 1326 565 1360 Sine
593 1325 782 1370 sacrilegio
813 1337 888 1358 rem
918 1325 1078 1358 futuram

482 1398 622 1431 Looum
653 1397 762 1431 istum
792 1397 888 1430 ferro
921 1406 955 1430 et
983 1397 1061 1444 igni
1087 1398 1284 1444 postulari,

484 1472 527 1503 In
556 1483 627 1516 quo
659 1470 824 1505 Semelen
855 1483 955 1505 suam
983 1483 1048 1505 rex
1078 1473 1199 1506 Deum
1228 1473 1367 1517 Iupiter

483 1544 727 1585 Maritaverit‚
760 1545 798 1577 in
829 1555 899 1590 quo
931 1544 1170 1579 Alcumenam
1199 1557 1344 1592 quoque

486 1617 586 1651 Idem
615 1617 710 1650 Iovis
743 1617 930 1662 [nuptiis]
962 1617 1130 1664 dignatus
1160 1618 1239 1652 sit?

194 1714 353 1749 Alexan-
465 1719 661 1764 LXVII.
705 1715 946 1762 'Addebat
997 1728 1046 1763 et
1099 1717 1321 1774 fabulas,
1383 1735 1717 1782 quaecumque

137 1771 355 1864 &glas-⁰¹&
371 1798 610 1846 thebanae
643 1811 778 1853 sunt,
825 1812 874 1846 et
907 1802 1168 1847 memorias
1205 1802 1451 1867 religiosas
1487 1820 1603 1866 quas
1646 1821 1726 1850 ve-

299 1939 307 1946 ,
356 1894 451 1930 *tus
486 1883 690 1930 historia
728 1884 1053 1932 commendat.
1098 1884 1189 1932 Sed
1209 1885 1289 1932 hic
1312 1887 1613 1933 commotior
1640 1903 1724 1933 rex

341 1972 563 2032 ·‚,Quam
598 1969 777 2014 vellem
791 1967 871 2024 (d),
909 1970 1096 2032 inquit,
1135 1987 1163 2017 ο
1200 1982 1255 2016 tu
1291 1970 1374 2033 qui
1410 1970 1595 2037 civium
1619 1982 1729 2017 tuo-

374 2069 517 2107 „rum
550 2051 826 2100 infortunio
851 2053 1131 2118 suffragaris
1155 2055 1406 2100 consultor
1423 2053 1586 2116 potius
1608 2053 1728 2100 fuis-

373 2152 478 2190 „ses
513 2136 568 2180 in
602 2139 800 2192 melius,
838 2148 886 2182 et
921 2137 1026 2182 illic
1062 2149 1194 2184 tuam
1242 2138 1554 2201 prudentiam
1596 2153 1729 2185 exer·

412 2294 465 2326 (a)
488 2295 586 2324 Alius
617 2296 694 2326 cod.
729 2297 837 2326 ambr.
871 2295 1011 2326 Zethus.
1045 2293 1090 2328 (h)
1123 2294 1207 2324 Cod.
1246 2294 1419 2334 quicquid.
1461 2297 1507 2329 (c)
1536 2294 1619 2324 Cod-
1642 2301 1730 2325 eum.

375 2344 432 2379 (d)
456 2346 540 2376 eod.
566 2345 673 2376 vellet.

437 2473 498 2519 (1)
530 2475 623 2520 Quia
645 2484 794 2523 uterque
817 2477 911 2510 filius
932 2478 1025 2511 Iovis
1040 2502 1050 2517 ,
1090 2489 1109 2509 a
1136 2488 1206 2522 quo
1234 2486 1268 2510 et
1292 2476 1496 2510 Alexander
1515 2487 1627 2521 genus
1656 2483 1729 2509 tra-

378 2530 486 2565 hcbat
507 2541 709 2567 maternum
730 2546 794 2579 per
812 2535 988 2576 Aeacum,
1018 2543 1207 2580 paternum
1228 2546 1292 2580 per
1316 2534 1519 2568 Herculem.
