1752 3116
612 157 876 196 PRAEFATIO
1362 158 1415 197 95

152 264 232 307 IV.
252 264 411 321 Magna
434 277 538 305 vero
556 279 651 320 pars
677 265 850 305 alterius
871 264 972 305 libri
995 268 1206 306 senatorio
1231 277 1274 306 et
1295 268 1413 325 gravi
1491 295 1537 330 Se
1609 299 1643 331 d.

67 324 309 364 orationum
329 335 484 378 genere
505 324 764 363 continetur.
796 322 904 362 Nam
933 337 1063 377 quum
1080 324 1313 362 Alexander
1329 340 1514 385 ma-libri
1539 309 1604 386 ΞΠ
1635 312 1645 332 ¹

65 381 292 439 gistratum
332 377 550 432 quemdam
581 380 760 420 Plataeis
800 380 1031 429 violasset,
1082 380 1213 435 idque
1243 383 1411 436 gravius
1430 367 1645 445 mariamm-

63 437 349 477 Athenienses
380 434 602 485 tulissent,
652 450 846 493 magnum
879 436 978 474 iude
1009 436 1313 476 discordiarum
1347 439 1414 476 in-
1587 434 1596 443 ’

63 492 260 533 cendium
283 491 466 530 exarsit:
508 507 593 546 quo
617 491 772 532 factum
794 502 858 531 est
881 502 928 531 ut
954 502 996 531 et
1017 492 1258 532 Alexander
1280 493 1415 547 pluri-

61 549 143 590 hus
163 549 323 588 litteris
347 562 440 586 cum
463 547 802 588 Atheniensibus
831 549 1182 604 expostulaverit,
1215 559 1257 587 et
1281 549 1325 588 hi
1345 564 1415 589 ce-

60 605 222 646 lebrata
250 618 324 659 per
353 603 501 642 urbem
531 605 735 644 concione
761 605 812 643 de
842 605 954 645 bello
986 607 1033 644 in
1057 606 1316 646 Macedones
1343 605 1416 644 de-

63 660 272 702 cernendo
300 659 646 701 deliberaverint.
721 662 784 700 Ac
802 661 1007 701 Demadis
1041 663 1214 717 quidem
1249 663 1415 718 lingua,

64 719 189 773 quasi
224 715 434 756 flabellum
465 717 724 767 seditionis,
763 719 846 758 iras
874 733 1123 776 magnopere
1151 719 1412 768 ventilabat3

64 790 209 816 verum
232 773 462 813 Aeschines
485 783 613 828 atque
639 775 952 815 Demosthenes
980 791 1068 815 rem
1090 777 1150 814 ita
1168 789 1417 830 composue-

63 841 190 880 runt,
222 840 272 869 ut
288 829 554 879 Alexander,
598 845 698 885 prce
716 831 899 870 Athenis
924 833 1143 887 impertita
1161 861 1173 881 ‚
1206 833 1415 872 calamita-

63 897 145 927 tem
174 886 279 925 belli
302 886 615 926 Lacedaemona
642 891 1022 943 transportaverit:
1067 890 1185 928 cuius
1209 887 1327 927 urbis
1354 886 1416 926 fa-

62 955 132 984 stu
164 957 432 998 compresso,
464 942 644 982 Darium
677 944 763 983 sibi
787 943 974 999 denique
997 945 1112 984 bello
1149 946 1415 984 internecivo

63 998 430 1040 exterminandum
460 1002 704 1054 proposuit.
751 1003 860 1040 Tum
887 1002 1024 1040 Iulius
1054 1002 1245 1042 Valerius
1268 1002 1416 1039 Persa-

59 1073 154 1098 rum
173 1056 300 1095 nobis
329 1056 486 1095 curiam
517 1066 700 1105 reserat,
735 1058 779 1095 in
814 1073 896 1112 qua
921 1058 1078 1097 Darius
1102 1058 1152 1096 de
1190 1073 1233 1097 re
1260 1071 1419 1096 summa

62 1113 271 1153 sollicitus
293 1122 548 1166 satraparum
575 1122 694 1171 rogat
717 1116 975 1164 sententiam,
1018 1112 1249 1168 fratrisque
1273 1114 1418 1164 Oxya-

60 1171 151 1210 thri
176 1170 367 1208 oratione
401 1169 452 1207 ad
477 1170 635 1209 bellum
662 1173 769 1209 totis
799 1170 967 1210 viribus
998 1169 1291 1210 debellandum
1324 1183 1417 1209 cor-

61 1226 303 1267 roboratur.
347 1225 525 1265 Interim
548 1227 786 1265 Alexander
812 1225 966 1265 Cilici-A
993 1228 1195 1280 occupata.
1222 1225 1415 1266 morbum·

62 1283 128 1322 ibi
149 1282 329 1322 iuvenili
362 1282 617 1320 confidentia
646 1292 905 1320 contractum
940 1295 1060 1339 aegre
1089 1284 1290 1322 sustinet.
1345 1281 1413 1320 Ab

61 1341 141 1380 hoc
161 1348 302 1378 autem
321 1337 413 1377 loco
438 1338 488 1376 ad
516 1339 694 1376 Darium
728 1353 924 1393 supremo
950 1339 1117 1393 proelio
1141 1339 1414 1397 profligatum

59 1394 210 1436 lacuna
239 1393 372 1434 codex
402 1394 580 1433 laborat.
647 1395 864 1449 Deinceps
913 1397 1111 1434 oratoriis
1151 1395 1410 1435 ornamentis

61 1452 199 1491 denuo
227 1450 421 1491 Valerius
448 1450 688 1506 indulgens,
722 1450 885 1489 litteras
910 1451 960 1489 ad
983 1452 1135 1491 Porum
1154 1453 1294 1501 Darii,
1331 1451 1412 1489 hu-

57 1510 125 1548 ius
156 1507 381 1548 morientis
420 1521 511 1545 cum
537 1506 779 1547 Alexandro
810 1507 1096 1562 colloquium,
1128 1508 1287 1564 duplex
1309 1508 1410 1546 Ale-

55 1565 208 1605 xandri
239 1563 290 1603 ad
315 1564 459 1602 Persas
483 1562 691 1613 edictum,
730 1565 892 1603 litteras
918 1564 1098 1619 denique
1124 1576 1289 1605 mutuas
1307 1565 1408 1604 Ale-

55 1621 209 1661 xandri
249 1619 613 1677 Rogodunisque,
669 1635 774 1674 quae
810 1621 936 1659 Darii
976 1632 1108 1660 mater
1146 1621 1258 1671 fuit,
1308 1636 1408 1665 con-

57 1688 176 1717 sueta
207 1678 296 1716 stili
333 1676 536 1717 facilitate
568 1678 802 1735 confingit,
849 1688 891 1717 et
935 1678 1059 1717 Darii
1102 1679 1231 1718 filiam
1261 1679 1407 1717 Roxa-

52 1750 154 1774 nem
176 1732 417 1773 Alexandro
451 1734 626 1774 collocat
660 1735 705 1772 in
731 1735 1026 1785 matrimonio,
1058 1737 1133 1791 qui
1166 1745 1232 1775 est
1263 1736 1405 1776 exitus

54 1791 228 1832 secundi
257 1791 375 1830 libri.

157 1849 212 1889 V.
251 1848 311 1886 At
343 1861 445 1886 vero
481 1848 635 1886 tertius
668 1857 964 1902 extremusque
1000 1847 1111 1886 liber
1143 1861 1210 1886 res
1242 1846 1403 1886 indicas
1523 1845 1636 1880 Tertii

55 1903 286 1945 Alexandri
314 1904 438 1942 multi
461 1905 626 1959 generis
660 1905 899 1959 multaeque
924 1903 1194 1958 eloquentiae
1222 1903 1404 1958 comple·
1420 1900 1503 1935 libri
1539 1915 1634 1936 sum-

55 1963 201 2001 etitur.
243 1961 348 2000 Ecce
370 1962 481 1998 enim
501 1962 642 1998 statim
664 1961 900 2000 Alexander
923 1974 1020 2000 suos
1045 1960 1095 1999 ad
1117 1959 1219 1999 belli
1240 1962 1404 2016 patien-
1421 1959 1584 1994 marium·

55 2019 160 2057 tiam
191 2019 384 2056 oratione
427 2018 687 2057 cohortatur.
743 2019 854 2057 ΜΟΧ
895 2018 994 2057 Pori
1023 2019 1201 2056 minaces
1234 2018 1403 2056 litterae

55 2090 147 2115 cum
187 2072 415 2113 Alexandri
445 2075 651 2128 rescripto
692 2077 940 2114 recitantur.
1008 2074 1117 2112 Tum
1151 2074 1401 2130 gravissimo

57 2132 223 2187 proelio
254 2140 474 2180 conserto,
524 2131 655 2170 Porus
690 2133 816 2170 etiam
859 2131 1060 2188 singulari
1091 2132 1317 2170 certamine
1351 2132 1401 2170 ab

57 2188 295 2228 Alexandro
324 2188 571 2226 conficitur:
606 2202 690 2242 quo
724 2202 820 2227 casu
844 2188 1053 2243 simulque
1080 2186 1281 2242 prudenti
1305 2188 1403 2226 Ale-

59 2245 209 2284 xandri
238 2245 437 2283 concione
474 2246 576 2282 moti
599 2245 695 2283 Indi
722 2259 862 2299 pacem
891 2243 1068 2284 faciunt.
1114 2243 1226 2282 Hinc
1249 2243 1400 2283 Brach-

59 2316 199 2341 manas
230 2301 317 2340 adit
352 2300 618 2350 Alexander,
661 2303 877 2356 mirosque
913 2301 1210 2357 philosophiae
1250 2314 1398 2339 sensus

57 2373 145 2398 non
177 2358 313 2396 solum
355 2356 405 2395 ab
443 2358 496 2395 iis
531 2357 650 2396 audit
681 2373 824 2397 verum
862 2358 952 2412 ipse
985 2372 1156 2412 quoque
1190 2357 1397 2412 disputat.

56 2416 171 2456 Exin
196 2415 331 2453 Iulius
358 2413 552 2453 Valerius
572 2415 791 2469 epistolum
813 2429 898 2453 non
921 2414 1171 2454 mediocrem
1195 2415 1245 2453 ad
1269 2416 1398 2452 instar

56 2473 286 2512 voluminis
319 2469 530 2519 elaborat,
561 2486 640 2525 qua
675 2470 726 2508 de
759 2470 986 2509 itineribus
1020 2472 1110 2510 suis
1136 2486 1209 2525 per
1234 2470 1398 2509 Indiam

57 2539 99 2568 et
117 2528 331 2568 Persidem
348 2526 585 2566 Alexander
606 2527 878 2573 Aristotelem
899 2530 1123 2568 certiorem
1145 2527 1261 2566 facit.
1297 2527 1396 2566 Post
