1752 3116
502 207 605 247 SEV
630 204 803 246 LIBER
830 202 908 243 ΙΙΙ.
1305 203 1380 241 233

49 322 141 369 iter
179 337 323 367 suum
370 320 549 384 dirigit.
608 324 721 365 Non
766 319 904 363 illam
952 316 1147 378 quide-m
1192 326 1385 381 gentem

51 404 292 449 hosticam
327 404 597 448 incursatur
615 403 665 434 (ι)
700 407 885 462 (neque
929 399 1062 446 enim
1098 399 1196 443 illis
1231 399 1387 444 studia

51 499 164 532 sunt
199 488 477 545 armorum)
511 485 592 531 sed
629 485 758 546 quod
801 483 988 529 celebre
1024 495 1167 536 esset,
1212 481 1386 534 Indos,

50 586 170 630 quos
207 569 627 633 gymnosophistas
656 569 922 629 appellant,
969 567 1100 612 hisce
1145 566 1197 610 in
1242 564 1390 626 parti-

6 672 9 677 *
49 651 137 697 bus
173 652 373 705 versari,
411 669 559 713 opum
598 651 795 712 quidem
830 652 1052 697 omnium
1076 661 1124 695 et
1159 648 1390 707 cuiusque

51 735 198 797 pretii
234 737 561 799 neglegentes,
598 736 712 781 solis
747 751 862 780 vero
894 733 1173 779 diversoriis
1208 731 1395 792 sapien-

51 818 254 872 tissimi,
304 834 425 879 quae
479 819 619 862 humi
665 835 813 863 manu
859 816 1149 862 exhauriunt
1165 813 1217 846 (α)
1255 812 1394 858 aditi-

49 901 139 947 bus
174 913 480 965 perangusta,
520 902 765 947 enimvero
802 900 964 946 subter
999 898 1251 961 capacibus
1292 914 1394 959 spa-

56 985 202 1037 ciata,
242 983 372 1046 quod
414 983 467 1027 id
499 998 647 1047 genus
683 984 873 1030 aedium
905 1001 1060 1045 neque
1093 982 1238 1044 pretii
1271 981 1397 1026 scili-

54 1080 132 1113 cet
176 1067 423 1131 indigens,
471 1077 519 1111 et
563 1066 621 1111 ad
665 1065 966 1131 flagrantiam
1010 1067 1124 1112 solis
1167 1065 1397 1111 aestivam

55 1151 212 1213 aptius
237 1147 283 1182 (ὅ)
313 1149 567 1200 habeatur,
637 1151 676 1194 Ii
719 1151 868 1214 igitur
915 1166 1026 1194 cum
1071 1149 1398 1209 conperissent

58 1233 384 1280 Alexandrum
421 1233 480 1278 ad
514 1251 613 1279 sese
649 1232 961 1285 contendere,
1000 1234 1230 1293 primates
1267 1246 1398 1282 sune,

61 1334 182 1378 quos
231 1317 416 1361 scilicet
462 1335 487 1362 a
540 1319 803 1378 sapientiae
847 1315 995 1360 modo
1045 1326 1262 1366 censent,
1316 1312 1402 1357 ob-

59 1401 190 1445 viare
225 1399 504 1445 adventanti
524 1400 694 1445 iubent
712 1416 822 1444 cum
839 1399 1012 1444 litteris
1035 1396 1395 1443 huiuscemodi:

161 1486 306 1529 XVII.
362 1483 830 1544 „Gymnosophistae
876 1481 1260 1527 Brachnianes(⁶³
1294 1480 1401 1525 Ale-
1449 1475 1620 1537 Gyinno-

61 1566 275 1621 „xandro
311 1567 504 1613 homini
541 1565 722 1611 dicunt.
775 1566 824 1612 Si
859 1565 1016 1611 tendis
1049 1563 1109 1609 ad
1143 1580 1231 1609 nos
1265 1579 1403 1624 proe-
1428 1533 1607 1621 ΞΞΞἭΞΞ

61 1652 320 1704 „liaturus‚
355 1652 524 1712 utique
558 1649 651 1695 tibi
685 1649 993 1711 propositum
1038 1659 1109 1692 est
1158 1645 1275 1707 quid
1318 1662 1404 1690 no·
1434 1654 1530 1678 *Εἴθε
1563 1645 1605 1678 ffll

132 1734 141 1742 .
273 1710 283 1726 ⁸
949 1710 963 1731 ⁴
1299 1729 1307 1737 .
1353 1729 1360 1736 .
1430 1703 1595 1735 Alexan-

64 1733 168 1788 „bis
216 1732 413 1787 afferas,
469 1732 615 1779 habes
660 1748 806 1792 porro
856 1730 985 1792 quod
1030 1730 1216 1776 auferas
1260 1729 1401 1774 n1h11.

1436 1759 1552 1793 drum.

62 1817 173 1871 „Sin
210 1833 323 1861 vero
356 1816 491 1861 venis
525 1828 580 1861 ut
616 1816 764 1861 discas
801 1831 922 1875 quae
958 1831 982 1858 a
1032 1813 1174 1858 nobis
1219 1813 1406 1857 scilicet

63 1900 208 1953 „sciri
245 1911 442 1960 queant,
479 1899 616 1945 nulla
652 1910 722 1944 est
753 1897 1037 1943 invidentia.
1106 1899 1299 1942 Etenim
1335 1913 1405 1940 ar-

67 1982 340 2036 „bitramur
373 1982 501 2027 inter
542 1983 681 2028 hasce
723 1981 943 2027 scientias
989 1993 1173 2027 nostras
1216 1975 1406 2026 causam

68 2065 366 2121 „discordiae
399 2066 636 2126 positam;
685 2083 798 2111 cum
833 2064 925 2111 tibi
963 2067 1114 2110 amica
1157 2082 1229 2111 res
1270 2082 1409 2126 proe—

70 2150 222 2204 „lium
274 2147 414 2193 nobis
466 2166 581 2195 vero
629 2150 937 2212 philosophia
983 2161 1251 2196 noscatur«.
1321 2148 1410 2193 His

70 2235 207 2280 lectis
241 2231 509 2279 Alexander
551 2233 806 2295 pacificum
851 2235 944 2279 iter
990 2248 1124 2297 agere
1170 2232 1408 2279 decrevit:

105 2403 157 2436 (a)
183 2402 268 2431 cod.
289 2402 488 2432 exauriunc.
526 2400 571 2433 (h)
598 2403 680 2430 Cod.
705 2404 862 2438 apricitas.
902 2402 945 2433 (c)
972 2401 1053 2429 Cod.
1081 2401 1336 2438 Dragmantes.

132 2527 190 2578 (1)
219 2532 312 2564 Nota
336 2531 532 2562 incursatur
557 2529 673 2563 forma
703 2531 919 2576 deponenti,
950 2543 1058 2577 quum
1091 2531 1150 2565 lii).
1186 2534 1214 2566 Ι.
1251 2542 1325 2575 cap.
1354 2540 1410 2564 vr.

72 2588 117 2621 sit
141 2588 325 2633 passivum
354 2588 511 2620 verbum.
