1752 3116
658 201 1010 242 ALEXANDRI
1399 201 1420 241 3
1430 207 1449 238 7

105 315 260 361 altero
298 327 434 363 tanto
472 316 643 363 iustius
685 316 906 368 antistat,
957 326 1005 360 et
1038 314 1245 361 eruditio
1285 314 1339 360 fit
1373 331 1453 360 au-

107 396 271 443 daciae
318 398 614 445 confidentia
656 398 968 460 praeiudicii,
1021 398 1274 444 accedente
1297 398 1348 428 (α)
1391 399 1451 442 ad

101 481 419 528 commodum
456 483 528 527 sui
563 481 693 543 quod
727 481 858 527 hosti
890 481 993 525 illic
1030 480 1087 526 de
1121 480 1220 526 loci
1254 481 1357 544 lege
1393 480 1450 525 ad

106 565 494 611 emolumentum
528 564 744 626 peribat,
783 564 916 609 cuius
953 581 1034 608 Dc.
1072 563 1209 607 milia
1244 562 1450 608 bellato-
1470 567 1687 658 Copiaessa-

1466 640 1511 660 ru
1534 634 1569 658 et
1595 653 1610 657 -
1647 635 1684 655 e-

101 664 210 692 rum
246 648 298 692 in
328 659 466 710 parte
499 648 732 712 vigesima
767 644 1148 692 numerabantur
1168 644 1241 689 ωε
1279 662 1450 690 verum
1467 680 1607 718 xandri-

98 728 325 776 conditio
360 730 480 776 situs
511 731 637 776 vires
668 741 975 792 aequaverat,
1012 729 1064 772 in
1098 727 1315 774 faucibus
1352 729 1450 774 loci

100 814 263 875 aequis
298 812 543 860 frontibus
579 811 993 859 concurrentibus.

198 899 412 941 XXXIV.
459 896 554 941 Hic
600 913 687 960 ego
713 891 757 928 (b)
802 896 987 941 facinus
1034 893 1201 939 auditu
1246 893 1447 959 dignum
1479 904 1684 942 Alexander

1469 974 1549 998 ante
1589 974 1683 1007 pug-

1467 1034 1550 1055 niun
1585 1030 1683 1052 Som-

97 1061 337 1107 xandrum
375 1062 569 1116 ferunt,
629 1060 716 1107 ubi
749 1078 937 1123 pernox
971 1061 1126 1106 aciem
1161 1078 1297 1106 suam
1330 1074 1447 1107 voto
1466 1092 1512 1112 no
1555 1087 1683 1122 grava-

96 994 199 1025 non
230 980 619 1040 praetermittam
652 980 704 1024 in
733 980 842 1025 loco
875 995 1069 1040 ponere.
1132 977 1319 1040 Quippe
1343 979 1448 1023 Ale-

97 1146 360 1207 conposuit
415 1145 708 1207 stipavitque
765 1144 980 1190 securior
1030 1145 1267 1198 laterum3
1331 1145 1447 1191 adeo
1472 1146 1536 1169 tur.

96 1241 210 1290 post
236 1228 288 1273 id
318 1229 486 1291 pingui
518 1244 692 1273 somno
721 1238 1032 1287 soporatum,
1069 1238 1122 1271 ut
1149 1226 1313 1271 adulto
1349 1228 1449 1271 iam

96 1311 175 1357 die
211 1311 446 1372 hosteque
478 1310 838 1370 propinquante
872 1310 955 1354 vix
985 1308 1185 1354 ducibus
1224 1312 1448 1356 excitare-

100 1406 192 1439 tur.
264 1393 640 1456 Quaesitumque
676 1393 734 1438 ab
772 1409 828 1438 eo
865 1403 914 1436 et
949 1391 1066 1452 quid
1100 1408 1266 1437 causae
1302 1405 1444 1445 esset,

97 1474 229 1538 quod
263 1473 352 1521 sub
387 1476 476 1522 illo
514 1475 807 1521 discriminis
843 1486 1065 1536 tempore
1100 1490 1240 1520 curae
1273 1476 1447 1536 plenus

99 1559 219 1605 adeo
265 1558 413 1604 solito
450 1559 635 1605 diutius
683 1576 737 1605 ac
772 1557 1063 1620 profnndius
1099 1556 1446 1604 cubitavisset?

98 1659 307 1704 eumque
356 1641 530 1688 dixisse
583 1643 864 1689 laetiorem:
926 1644 1046 1687 Sane
1100 1656 1200 1686 non
1244 1640 1446 1695 frustra,

100 1726 231 1787 quod
265 1727 506 1788 insperata
541 1726 604 1771 sit
638 1726 780 1787 copia
817 1724 911 1771 sibi
947 1724 1165 1770 hostium
1201 1723 1331 1777 data,
1379 1741 1449 1769 se·

97 1825 269 1854 curum
303 1808 491 1853 factum
526 1809 626 1854 acie
663 1808 895 1870 disposita
929 1825 1018 1869 pro
1056 1807 1294 1852 sententia
1319 1807 1380 1852 (²).

128 1952 179 1983 (a)
205 1949 289 1978 Cod.
312 1956 458 1979 accente.
496 1946 542 1981 (b)
568 1949 650 1978 cod.
678 1958 767 1987 ergo.

154 2062 213 2109 (1)
244 2063 444 2098 Alexandri
480 2065 655 2098 exercitus
691 2066 839 2111 triginta
874 2066 1036 2099 militum
1076 2067 1219 2101 milibus
1253 2069 1448 2108 constabat,

98 2132 190 2167 quae
231 2129 306 2153 erat
336 2132 417 2165 pars
461 2121 635 2166 vigesima
668 2122 712 2154 ad
753 2123 932 2155 rationem
972 2123 1101 2168 persici
1131 2125 1318 2157 exercitus.
1378 2125 1448 2159 Sed

99 2189 211 2223 quum
239 2187 543 2222 pugnaangusto
581 2178 618 2210 iu
649 2179 728 2211 Ioco
774 2187 1040 2220 consereretur,
1081 2182 1218 2225 peribat
1248 2194 1311 2214 seu
1342 2181 1447 2214 fiebat

95 2233 236 2266 inutilis
258 2245 339 2278 pars
363 2233 521 2267 maxima
542 2234 724 2280 copiarum
749 2236 961 2275 hostilium,
992 2248 1072 2269 cum
1097 2236 1231 2284 insigni
1257 2239 1446 2272 commodo

97 2289 288 2335 paucitatis
312 2290 564 2323 Macedonum.

158 2345 217 2391 (2)
248 2345 496 2379 Alexandrum
524 2346 670 2380 insolito
702 2359 829 2393 sopore
872 2357 1058 2393 gravatum
1088 2350 1301 2383 imminente
1330 2361 1447 2396 pugna

99 2403 148 2437 nd
178 2402 355 2440 Arbelum
385 2401 472 2446 (seu
503 2400 665 2452 Arbela)
699 2405 799 2437 aiunt
829 2405 1034 2448 Diodorus,
1077 2407 1312 2443 PlutarchuS.
1356 2409 1448 2441 Cur-

101 2460 197 2503 tius,
237 2459 404 2492 Iustinus.
456 2459 508 2492 At
542 2460 681 2493 Auctor
720 2461 902 2495 Itinerarii
932 2470 1014 2494 ante
1054 2463 1225 2508 proelium
1256 2464 1300 2497 ad
1330 2465 1448 2497 Issum

97 2516 137 2550 id
161 2516 368 2552 Alexandro
397 2514 593 2562 contigisse
621 2527 754 2552 narrat.
807 2517 981 2553 Arrianus
1008 2519 1174 2553 neutrubi
1199 2520 1274 2554 eius
1298 2521 1349 2552 rei
1369 2532 1447 2552 me-

97 2582 215 2608 nimir.
