1752 3116
359 153 439 194 124
740 149 1094 192 ALEXANDRI
1131 150 1317 193 ORTvs

353 268 434 307 lem
450 265 501 299 (Ι)
529 281 686 309 corona
713 268 755 308 ei
778 267 878 307 auri
896 267 1041 318 pondo
1063 281 1108 306 ὀ·
1135 267 1355 321 insignita
1376 273 1505 311 etiam
1533 283 1702 322 marga·

353 342 456 381 ritis
472 333 707 382 honoraria
727 341 861 380 datur
875 340 934 379 ad
953 347 1249 392 argumentum
1264 343 1471 383 amiciciae
1483 350 1698 395 perpetuo

351 423 455 466 post
472 409 670 469 futurae
687 412 765 452 (²).-
795 412 928 467 idque
942 413 1197 455 Alexandro
1223 427 1388 466 magnae
1409 415 1565 467 gloriae
1579 409 1705 471 fuit,

354 550 472 584 denda
493 558 545 582 est
567 548 745 582 destinant
773 543 851 595 (cui
872 547 995 582 favent
1021 557 1056 581 et
1081 557 1151 581 tres
1173 547 1273 582 Livii
1297 547 1436 581 codices
1462 544 1702 596 ambrosiani)

352 607 405 640 ita
431 615 470 639 ut
498 607 671 639 referatur
701 604 747 638 ad
774 612 1001 652 posterorum
1027 605 1212 638 iudicium.
1260 604 1413 650 Alioqui
1443 604 1513 638 sibi
1550 603 1703 649 turpiter

352 663 610 696 contradiceret
638 661 785 702 Livius,
826 662 891 706 qui
926 654 1012 695 niox
1053 674 1129 707 cap.
1158 666 1214 694 18.
1245 660 1318 702 ait,
1360 654 1525 694 arbitfhri
1552 657 1590 694 se
1612 660 1701 694 Ale-

354 719 531 754 xandrum
554 731 598 753 ne
622 718 718 751 fama
745 717 890 763 quidem
911 718 1084 752 Romanis
1114 725 1240 752 notum
1265 717 1374 751 fuisse
1398 716 1525 763 (quam
1553 717 1598 750 ob
1623 727 1704 751 rem
1734 749 1738 753 ,

353 776 546 809 oblivionis
581 775 741 820 arguitur
761 774 885 808 Livius
916 787 935 807 a
959 775 1104 808 Mureto
1127 774 1189 807 lib.
1214 784 1284 808 xv.
1320 775 1408 809 Var.
1432 786 1510 819 cap.
1534 776 1588 808 14.
1621 780 1655 806 et
1679 786 1699 806 a

352 833 482 876 Baylio
514 832 551 865 in
574 832 710 866 Lexico
737 842 814 864 voe.
844 830 1096 875 Macedoine).
1137 831 1305 864 ceterum
1336 839 1379 864 ut
1400 830 1528 865 Livius
1557 829 1700 878 sapien-

352 896 408 922 ter
436 888 555 929 fecit,
589 888 649 933 qui
681 888 771 920 hanc
803 899 879 920 rem
915 895 1059 921 eatenus
1091 887 1234 932 attigit,
1283 895 1453 934 quatenus
1488 894 1701 933 quaereret,

351 946 499 992 quinam
528 953 673 977 eventus
706 943 864 977 romanis
891 942 1021 985 rebus,
1051 943 1083 977 si
1115 956 1195 977 cum
1220 943 1429 978 Alexandro
1455 943 1551 977 foret
1582 943 1698 976 bella-

349 1009 453 1044 tum,
494 1002 633 1033 futurus
664 1000 796 1039 fuerit;
836 999 887 1033 ita
913 1009 1044 1033 temere
1072 1000 1268 1033 admodum
1294 1000 1410 1042 dixit,
1451 999 1700 1034 Alexandrum

350 1070 396 1093 ne
417 1059 513 1091 fama
534 1058 678 1103 quidem
703 1057 876 1090 Romanis
903 1057 1102 1090 innotuisse
1125 1057 1251 1091 videri.
1292 1055 1403 1091 Asiae
1430 1056 1527 1090 enim
1550 1055 1699 1089 univer-

351 1125 409 1148 sae
445 1114 623 1154 domitor,
667 1112 909 1146 Alexandriae
943 1114 1126 1155 conditor,
1175 1113 1374 1148 Alexandri
1406 1113 1514 1146 etiam
1546 1112 1698 1146 molossi

349 1172 441 1216 (qui
473 1179 554 1203 tunc
588 1170 625 1202 in
656 1169 764 1201 Italia
788 1169 935 1202 bellavit
963 1181 1159 1216 pacemque
1183 1181 1267 1204 cum
1291 1169 1465 1204 Romanis
1489 1169 1575 1202 fecit
1605 1176 1694 1201 teste

349 1227 430 1271 ipso
446 1226 551 1260 Livio
575 1235 665 1259 V111.
688 1220 764 1270 17.)
797 1237 841 1259 ex
861 1236 984 1258 sorore
1001 1238 1135 1271 nepos,
1167 1238 1238 1273 quo
1266 1234 1369 1272 pacto
1395 1225 1569 1260 Romanis
1587 1225 1694 1271 iguo-

349 1291 406 1316 tus
429 1294 570 1329 prorsus
600 1279 756 1314 fuisset?

436 1341 613 1373 Hactenus
653 1350 694 1370 ea
730 1337 828 1378 dixi,
869 1348 963 1382 quae
994 1336 1217 1370 occasionem
1245 1336 1390 1371 fabulae
1419 1337 1464 1370 de
1495 1336 1696 1373 Alexandri

349 1408 431 1430 cum
451 1396 623 1429 Romanis
643 1405 833 1439 congressu
857 1392 1054 1426 dederunt:
1086 1406 1194 1439 quam
1221 1394 1366 1440 quidem
1387 1394 1567 1436 fabulam,
1602 1406 1697 1440 prae-

349 1461 404 1486 ter
424 1453 554 1485 Iulium
576 1450 785 1491 Valerium,
816 1449 1031 1493 persuasisse
1060 1449 1128 1482 sibi
1148 1450 1290 1484 videtur
1309 1451 1442 1485 Malala
1473 1449 1694 1497 (Chronogr.

339 1522 384 1555 -P·
408 1509 503 1553 246).
548 1510 723 1542 Praeterea
752 1506 913 1538 eamdem
941 1515 1086 1539 narrant
1106 1507 1551 1548 Pseudo-Callisthenes,
1580 1507 1695 1542 codex

349 1577 482 1610 graecus
499 1574 536 1598 et
556 1565 671 1598 codex
691 1563 824 1596 latiiius
849 1563 1107 1603 ambrosianus,
1136 1572 1173 1595 et
1195 1563 1352 1610 denique
1375 1564 1555 1610 aegyptius
1577 1564 1695 1597 histo-

347 1622 441 1654 ricus
466 1622 660 1656 Makrisius
690 1615 794 1667 (cap.
831 1619 874 1652 de
902 1617 1108 1664 dissei-entia
1135 1621 1226 1653 inter
1253 1619 1509 1655 Alexandrum
1541 1628 1578 1653 et
1599 1619 1694 1654 Dul-

347 1674 595 1725 karnaimum)
611 1702 622 1719 ‚
652 1677 751 1710 cuius
780 1675 963 1709 arabicum
983 1677 1153 1721 scriptum
1176 1686 1213 1710 et
1233 1677 1272 1710 in
1293 1677 1402 1722 regiis
1425 1675 1611 1711 Pau-isiacis
1632 1689 1695 1710 co·-

347 1735 484 1768 dichus
518 1742 677 1768 recenset
697 1733 956 1768 Sancticrucius
988 1733 1041 1778 (p.
1063 1737 1137 1766 182.
1159 1747 1193 1767 n.
1220 1733 1270 1778 5.)
1302 1742 1336 1766 et
1359 1746 1424 1767 nos
1451 1733 1524 1779 ipsi
1547 1733 1586 1767 in
1613 1745 1692 1766 ain-

346 1792 510 1825 hrosiana
541 1790 760 1824 bibliotheca
795 1801 875 1822 cum
908 1789 987 1822 aliis
1022 1789 1184 1824 Arabum
1216 1790 1327 1836 copiis
1353 1802 1536 1824 servamus
1571 1786 1690 1838 (part.

345 1847 412 1883 ins.
442 1850 481 1884 C.
505 1853 557 1881 87.
585 1849 683 1880 cuius
704 1846 788 1879 vide
808 1857 842 1890 p.
866 1845 972 1890 145).

403 1905 463 1949 (1)
490 1904 686 1948 Dionysius
698 1903 984 1937 Halicarnasseus
999 1903 1123 1949 Antiq.
1143 1914 1233 1939 rom.
1250 1901 1325 1947 (ed.
1338 1903 1484 1938 mediol.
1498 1914 1553 1938 an.
1566 1901 1687 1946 1816).

346 1970 467 1995 XVIII.
494 1967 524 1995 5.
547 1961 618 2002 ait,
662 1961 721 2005 ..Q
742 1959 938 1993 Aemilium
964 1961 1188 1993 consularem
1209 1961 1317 1994 ivisse
1342 1961 1501 2006 legatum
1528 1959 1572 1993 ad
1594 1961 1690 2003 Pyr-

346 2019 452 2051 rhum
482 2030 564 2051 cum
586 2016 748 2050 Fabricio
775 2024 809 2048 et
840 2017 891 2049 ·P·
916 2017 1095 2049 Cornelio.
1145 2017 1187 2049 ld
1211 2017 1303 2050 mihi
1326 2017 1569 2062 suspicionem
1587 2016 1694 2061 iuge-

344 2075 414 2115 rit,
443 2075 575 2107 bellum
598 2073 730 2116 Pyrrhi
751 2072 919 2106 adversus
938 2073 1121 2105 Romanos
1147 2073 1358 2107 commutari
1377 2074 1419 2106 ab
1439 2074 1582 2118 Aesopo
1607 2085 1688 2106 cum

344 2131 425 2164 ficia
443 2130 640 2164 Alexandri
673 2129 709 2163 iu
744 2129 890 2164 ltaliam
911 2128 1150 2173 expeditione.
1192 2131 1250 2163 ·T·
1272 2129 1451 2163 Aemilius
1475 2129 1599 2163 consul
1626 2142 1688 2163 oc-

344 2188 457 2220 currit
480 2199 572 2222 anno
599 2186 702 2223 Urbis
731 2185 896 2220 conditae
922 2194 1083 2220 ccccxv.
1113 2186 1160 2219 At
1181 2186 1389 2220 Alexander
1412 2198 1561 2232 regnare
1582 2178 1688 2232 coepit

344 2244 457 2277 tribus
489 2244 588 2277 annis
612 2250 704 2288 post.
735 2245 776 2278 L.
798 2241 975 2277 Aemilius
1004 2242 1127 2275 consul
1158 2241 1226 2275 suit
1250 2254 1343 2276 anno
1369 2243 1476 2277 Urbis
1493 2251 1686 2277 ccccxxv.

344 2309 429 2334 tunc
459 2313 542 2335 vero
574 2299 777 2333 Alexander
809 2299 954 2333 Perside
984 2299 1119 2331 domita
1151 2299 1371 2342 Hyrcaniam
1407 2308 1443 2332 et
1476 2299 1685 2334 Bactrianos

342 2357 438 2390 bello
459 2357 630 2391 vastabat.
664 2357 797 2390 Consul
807 2355 982 2390 Aemilius
1006 2355 1240 2389 intermedius
1258 2356 1401 2389 videtur
1417 2356 1535 2389 nullus
1559 2354 1681 2389 fuisse.

341 2415 480 2459 Reapse
506 2422 625 2448 autem
656 2413 845 2446 veritatem
865 2412 901 2445 in
930 2412 1049 2445 sabula
1074 2413 1245 2446 curiosius
1267 2424 1425 2459 quaerere
1445 2413 1592 2446 stultum
1621 2420 1685 2448 est.

427 2470 485 2514 (2)
515 2471 632 2505 Huius
665 2481 815 2503 coronae
849 2469 1011 2503 meminit
1043 2469 1153 2504 etiam
1182 2470 1354 2505 Memnon
1390 2469 1486 2515 apud
1514 2469 1684 2504 Photium

340 2528 417 2561 cod.
441 2536 603 2562 ccxxxv.
635 2539 670 2573 p.
692 2531 769 2561 726.
