1752 3116
555 190 908 232 ALEXANDRI
1351 195 1403 230 57

62 320 237 355 tunam
268 306 391 353 belli
432 307 726 352 meritumve
769 305 969 352 victoris
1011 304 1283 370 elegerunt,
1329 302 1410 350 vel

66 392 192 453 siqui
228 390 288 436 ad
318 391 418 436 eius
452 390 689 435 iudicium
719 389 1112 450 provocarunt&
1147 389 1288 434 venia
1326 387 1411 434 do-

65 475 171 520 nati
205 491 401 520 omnes:
440 473 606 519 Graeci
642 490 835 534 quoque
869 473 1009 518 mille
1045 471 1298 537 quingenti
1331 471 1413 532 qui

67 559 219 605 Dario
253 556 474 604 mercede
506 555 807 602 militabant:
845 573 1023 618 eosque
1056 572 1166 602 suos
1199 554 1331 600 facit.

167 645 336 688 LXXI.
376 640 579 687 Interim
622 651 788 685 tamen
832 639 1030 685 RIardos
1078 638 1309 691 excurrit,
1366 647 1414 681 et
1502 645 1645 679 Manto<

69 736 234 785 captos
261 723 392 769 bello
420 722 596 787 redigit
630 723 681 767 in
711 721 1000 785 obsequium
1027 722 1156 767 nihil
1191 719 1415 767 omnium
1434 701 1577 748 ⁵¹¹b¹3¹“

73 819 363 853 rennuentes
398 806 515 867 (sed
549 807 681 852 enim
711 805 924 859 Mardis,
961 816 1151 867 praeter
1185 820 1318 849 arma
1345 803 1417 847 vi·

72 907 268 952 resque,
321 890 456 934 nulla
502 906 585 936 sua
628 906 701 934 res
736 891 837 948 est)
881 906 1032 950 opum
1076 905 1187 933 cura
1224 888 1419 949 postha-

72 974 176 1019 bita
209 973 470 1035 perdurans
491 973 540 1005 (ι)
577 989 699 1034 quae
734 985 919 1018 ceteros
953 973 1212 1017 hominum
1244 971 1421 1016 exerci-

74 1069 150 1104 tos
185 1056 346 1102 habet.
381 1057 525 1101 Exim
559 1058 823 1102 revertenti
852 1058 1073 1118 Spartani
1107 1075 1157 1103 se
1188 1056 1422 1107 offerunt,

77 1142 164 1203 qui
213 1140 354 1187 Darii
410 1140 681 1185 amicitiam
737 1140 1002 1201 petierant:
1049 1140 1133 1186 sed
1186 1136 1425 1185 custodiri

76 1225 369 1272 mandantur
401 1224 610 1285 suspecti
645 1224 882 1284 simplicis
918 1223 1240 1269 confidentiae
1260 1222 1324 1266 (ἱ).

175 1312 367 1356 LXXII.
414 1312 544 1353 Tum
587 1318 801 1352 moratus
835 1310 1126 1352 Xazacertae
1161 1306 1213 1350 in
1248 1309 1430 1364 Hyrca·
1474 1354 1509 1388 H

79 1393 160 1438 nia
195 1392 296 1437 dies
333 1388 641 1453 quindecim,
662 1390 880 1435 Parthos
910 1390 1215 1450 Arionosque
1239 1383 1285 1419 (ὂ)
1319 1365 1663 1451 ΡΓο-ὴθιζῖςὲἒῖῖ

84 1475 337 1529 ficiscitur,
374 1485 424 1520 et
459 1472 647 1520 Sasiam
681 1472 956 1525 civitatem,
996 1471 1128 1533 quod
1161 1476 1336 1517 Besum
1372 1470 1429 1514 il-
1449 1469 1526 1531 tlJOS
1554 1468 1663 1503 etA-

82 1560 148 1605 lic
181 1557 313 1604 bello
349 1555 540 1603 studere
574 1555 896 1617 conperisset,
946 1572 1045 1600 non
1083 1555 1220 1619 regni
1253 1537 1580 1606 modmnonos.

83 1659 257 1689 verum
276 1639 491 1686 nominis
515 1638 560 1672 (ε)
578 1639 728 1685 etiam
742 1639 1004 1685 Artaxersii
1027 1637 1083 1673 (ἅ)
1105 1639 1260 1684 veluti
1284 1637 1342 1683 ad
1362 1654 1434 1682 re-

85 1725 356 1772 verentiam
380 1722 476 1768 sibi
500 1722 716 1768 vanitate
747 1723 984 1784 quaesita:
1023 1723 1258 1785 quoniam
1286 1720 1438 1767 multi

87 1808 281 1873 refugae
306 1805 549 1853 Bactriani
572 1805 624 1851 in
654 1806 754 1852 eius
781 1807 1075 1852 satellicium
1094 1805 1439 1854 confluxissent

89 1893 205 1939 elati
238 1890 415 1936 mentis
449 1890 680 1935 iactantia
702 1889 766 1934 (ὃ).

189 1978 404 2022 LXXIII.
426 1977 580 2034 Inque
597 1971 649 2017 id
667 1971 929 2019 destinanti
951 1972 1283 2019 Satibarzanes
1301 1972 1438 2019 Ario-
1514 1989 1675 2023 Satibar-

92 2076 203 2105 rum
238 2069 428 2119 satrapa
466 2057 740 2112 nuntiatur,
799 2055 1070 2104 interfectis
1109 2056 1439 2103 Macedonum
1457 2047 1566 2138 {3¹30
1611 2047 1674 2080 de-

138 2228 193 2261 (a)
217 2225 303 2254 cod.
328 2224 380 2254 vel
409 2226 467 2263 qui
487 2224 650 2254 adiuvum
682 2224 844 2255 iudicium
870 2232 1010 2263 putant.
1053 2222 1100 2258 (b)
1127 2226 1177 2253 lta
1202 2225 1278 2254 cod.
1302 2225 1446 2254 Mallem

96 2277 247 2307 Arianos
276 2280 337 2304 aut
359 2276 474 2304 Arios.
512 2276 557 2308 (c)
580 2274 664 2303 Cod.
698 2275 842 2304 nomine.
883 2273 935 2307 (d)
960 2274 1039 2303 Cod.
1065 2276 1276 2310 Artaxer-si,
1310 2276 1369 2304 sed
1391 2284 1446 2304 su-

97 2327 216 2364 petius
238 2326 291 2354 bis
312 2324 438 2353 Xersii.
474 2325 520 2357 (e)
545 2323 626 2352 Cod.
652 2322 746 2358 electi
769 2330 878 2353 mente
895 2324 1099 2362 iactantiae,
1128 2325 1215 2366 quod
1228 2326 1378 2362 fortasse
1396 2333 1447 2355 re·

97 2374 279 2405 einaendum
299 2381 386 2403 erac.

160 2514 219 2560 (1)
250 2516 388 2559 Naempe
411 2514 618 2548 Alexander
640 2516 676 2548 in
703 2514 921 2560 captivandis
947 2515 1082 2551 Mardis
1108 2515 1191 2549 licet
1219 2514 1447 2562 pauperibus.

160 2572 217 2616 (2)
249 2573 387 2617 Nempe
409 2572 601 2605 deditionis
628 2572 796 2606 sincerae.
