1752 3116
178 1583 358 1621 Itinerarii

142 1642 253 1675 stilus.

379 223 442 246 xxi
932 215 1165 251 EDITORIS

379 317 520 368 libus,
552 319 707 375 passim
732 319 947 369 venditat,
981 320 1051 358 sed
1085 331 1128 359 et
1162 334 1373 360 assensum
1404 322 1618 362 interdum
1649 337 1719 360 su-

380 375 538 425 stinet,
570 385 612 414 et
645 375 912 432 prudentiam
941 376 1119 416 declarat
1152 376 1217 416 his
1247 377 1336 417 fere
1368 378 1511 418 verbis
1535 377 1719 438 fertur,

379 432 446 471 vel
463 430 644 490 ferunt,
674 433 742 472 vel
764 438 947 476 relatum
970 446 1050 485 esc,
1071 434 1140 473 vel
1162 437 1204 476 si
1225 440 1319 490 quis
1340 452 1486 478 aurem
1509 440 1567 477 ad
1577 437 1720 494 fidem

378 492 565 531 dicentis
589 492 794 533 inclinet.-
818 500 1017 543 tantaque
1037 503 1199 544 semper
1215 492 1408 530 cautione
1425 493 1561 529 utitur
1586 506 1719 546 quan·

376 555 420 584 ta
442 546 479 584 si
505 546 799 585 testimonium
821 546 1005 585 diceret:
1049 548 1228 601 scriptor
1254 547 1346 585 sine
1371 548 1606 603 arrogantia
1628 561 1720 605 gra-

379 603 472 650 vis,
498 603 590 640 sine
625 604 805 660 segnitia
837 602 1116 644 verecundus.
1156 604 1213 643 Et
1241 604 1334 658 ipse
1370 603 1542 659 quidem
1575 613 1719 659 aperte

379 661 464 706 ait,
496 673 540 696 se
572 657 622 696 de
657 674 700 697 re
733 660 863 716 magis
903 674 1026 714 quam
1060 659 1112 698 de
1145 659 1287 700 verbis
1323 660 1512 700 laborare
1535 662 1611 709 (¹);
1653 660 1719 698 in-

379 716 502 754 terim
523 729 625 754 vero
649 730 735 754 non
758 716 1010 755 mediocrem
1035 717 1284 770 sapientiam
1307 717 1573 756 simulatione
1595 715 1718 754 rudis

380 771 469 810 stili
494 773 619 829 tegit.
682 773 824 811 Huius
849 783 961 811 certe
983 773 1229 828 simplicitas
1254 783 1383 828 atque
1409 772 1600 813 ordinata
1620 772 1741 812 bre-'

377 830 487 868 vitas
509 827 728 869 imitabilis
751 828 946 869 videatur
971 843 1062 868 esse
1087 831 1367 879 existimanti,
1392 829 1464 869 sed
1493 831 1719 883 experien-

377 886 414 923 ti
451 900 538 924 non
566 885 686 925 item.
757 885 864 939 Quis
892 886 1004 925 enim
1039 901 1117 941 pro
1148 885 1356 943 dignitate
1389 886 1618 926 admiretur
1643 886 1720 925 ho-

377 942 555 990 minem,
601 943 675 996 qui
696 952 833 981 tantas
857 957 921 982 res
947 944 1090 997 paucis
1117 944 1348 998 explicavit
1373 944 1552 992 chartis,
1583 941 1720 982 doctis

377 999 586 1053 profecto,
616 1009 665 1036 ut
691 1015 783 1039 cum
811 998 976 1038 Catullo
997 999 1164 1054 loquar,
1195 1010 1237 1038 et
1267 999 1528 1040 laboriosis?
1558 1000 1722 1054 quique

377 1057 423 1094 in
448 1065 566 1094 tanta
587 1055 864 1094 scribentium
887 1056 1058 1095 licentia
1083 1071 1311 1110 numquam
1332 1073 1354 1096 a
1373 1057 1556 1098 veritate
1579 1070 1624 1094 se
1646 1055 1719 1094 ab·

375 1111 474 1152 duci
494 1127 643 1167 passus
668 1123 748 1163 est,
772 1127 995 1167 numquam
1021 1127 1043 1150 a
1063 1112 1147 1151 fide
1170 1112 1370 1153 decessit.
1404 1113 1588 1152 Omnino
1614 1112 1722 1166 (nisi

375 1184 442 1206 me
469 1169 634 1210 inventi
669 1171 753 1207 mei
791 1168 900 1208 fallit
922 1172 1057 1223 amor)
1094 1183 1235 1208 rerum
1266 1169 1498 1208 Alexandri
1532 1169 1722 1224 Scripto-

377 1239 463 1264 rem
489 1225 600 1263 hunc
617 1223 785 1262 laudare
806 1238 979 1278 possum
1000 1239 1133 1278 paene
1157 1226 1543 1282 religiosissimum.
1586 1226 1721 1280 Quam

375 1281 576 1320 nimirum
610 1279 663 1318 ob
698 1280 863 1319 laudem
897 1280 1241 1336 praeponendum
1274 1283 1401 1321 etiam
1429 1283 1509 1321 hoc
1536 1282 1583 1320 in
1606 1281 1720 1322 libro

375 1337 544 1386 curavi,
574 1336 672 1375 licet
697 1337 744 1375 in
763 1337 905 1377 codice
929 1348 1028 1392 post
1051 1352 1160 1393 opus
1185 1338 1288 1377 Iulii
1306 1339 1468 1379 Valerii
1490 1338 1725 1397 subiunga-

374 1404 461 1434 tur.
514 1393 630 1433 Mihi
653 1395 766 1433 enim
789 1396 947 1436 veritas
971 1395 1034 1434 rei
1064 1395 1202 1436 cuivis
1230 1409 1392 1452 semper
1423 1395 1724 1451 praevertenda

374 1451 564 1493 videtur.

463 1508 517 1548 V.
549 1507 677 1548 Nunc
712 1508 794 1547 etsi
829 1507 1006 1548 difficile
1036 1519 1100 1549 est
1133 1509 1279 1548 stilum
1313 1519 1356 1548 et
1385 1507 1560 1550 formam
1598 1510 1722 1564 (sive

375 1575 586 1622 7⁶²?“m'7‘15‘0‘
609 1575 658 1604 ut
681 1565 828 1605 Graeci
855 1566 1120 1622 loquuntur)
1155 1580 1367 1622 exponere
1394 1567 1595 1606 Auctoris
1615 1582 1724 1606 non-

378 1623 476 1663 dum
496 1621 669 1678 publico
705 1633 808 1663 voto
832 1623 1035 1673 iudicati,
1064 1635 1204 1663 tamen
1228 1633 1277 1662 ut
1298 1637 1390 1662 meo
1421 1637 1536 1663 more
1559 1623 1724 1679 aliquid.

374 1679 524 1720 timide
548 1679 704 1728 (licam,
743 1680 780 1718 is
813 1679 920 1720 mihi
944 1680 1115 1735 quidem
1138 1679 1309 1720 videtur
1333 1679 1567 1730 eiusmodi,
1596 1681 1719 1721 cuius

377 1738 470 1777 sive
505 1737 762 1775 latinitatem
806 1738 896 1776 sive
931 1738 1212 1777 elocutionem
1254 1737 1368 1777 docti
1403 1738 1597 1779 homines
1634 1752 1721 1777 non

376 1803 671 1842 contemnant,
702 1793 943 1848 dignusque
977 1795 1160 1849 scriptor
1185 1795 1260 1849 qui
1293 1795 1338 1832 in
1361 1793 1604 1833 litterarum
1627 1795 1720 1835 luce

375 1860 666 1908 cognoscatur.
729 1849 943 1908 Linguam
977 1853 1145 1906 quidem
1182 1852 1310 1891 huius
1343 1865 1467 1890 nemo
1502 1850 1719 1891 barbaram

377 1907 511 1956 dicat,
543 1907 742 1961 quoniam
770 1908 925 1946 saeculi
959 1909 1100 1962 quarti
1125 1918 1317 1948 auctores
1349 1908 1484 1948 adhuc
1508 1909 1553 1947 in
1577 1923 1721 1949 exem-

373 1965 458 2020 plis
491 1963 718 2002 latinitatis
741 1963 974 2003 laudamus:
1004 1965 1074 2004 hic
1093 1975 1234 2004 autem
1255 1974 1352 2004 ante
1380 1964 1601 2004 dimidium
1628 1967 1723 2006 eius

374 2020 525 2060 saeculi
553 2019 763 2060 scribendi
784 2020 905 2060 laude
926 2022 1091 2060 cluebat
1110 2023 1174 2060 (2).
1229 2022 1359 2060 Porro
1390 2022 1472 2061 etsi
1502 2023 1632 2062 latina
1653 2024 1720 2062 in-

375 2078 500 2136 genia
525 2079 681 2134 pressit
703 2078 745 2116 in
769 2080 891 2133 peius
916 2079 1088 2134 imperii
1107 2078 1352 2127 inclinatio,
1385 2080 1445 2117 ita
1468 2089 1514 2117 ut
1536 2081 1718 2136 scripto-

375 2149 468 2174 rum
513 2133 664 2193 gradus
706 2144 749 2173 et
781 2150 934 2192 genera
977 2137 1083 2191 ipsis
1129 2135 1448 2193 distinguantur
1481 2137 1718 2187 aetatibus3

376 2190 775 2231 Constantinianum
810 2202 950 2231 tamen
980 2208 1130 2232 aevum
1155 2192 1341 2233 nondum
1377 2208 1541 2232 omnem
1575 2193 1721 2236 florem

376 2250 630 2288 elocutionis
665 2249 921 2306 infregerat:
956 2250 1026 2288 illa
1047 2259 1211 2288 tantum
1238 2248 1418 2289 facilitas
1449 2265 1597 2290 aureae
1631 2251 1719 2292 dic-

374 2306 507 2344 tionis
552 2303 792 2360 ssumenque
834 2306 1134 2346 vocabulorum
1181 2317 1222 2345 et
1265 2307 1388 2362 quasi
1430 2310 1718 2364 spontaneitas

374 2371 622 2402 evanuerat:
655 2364 834 2418 poeticis
860 2364 941 2402 iam
966 2378 1100 2419 paene
1119 2364 1275 2419 tropis,
1303 2362 1598 2405 audacioribus
1621 2380 1718 2407 ver-

431 2534 491 2579 (1)
524 2536 633 2580 Capp.
661 2537 708 2569 11.
741 2545 774 2569 et
801 2547 870 2570 ΥΠ.

434 2592 494 2637 (2)
526 2593 680 2626 Consule
705 2602 805 2626 notas
827 2606 922 2628 meas
946 2593 990 2627 ad
1014 2595 1175 2629 Itinerar.
1204 2609 1280 2643 cap.
1302 2606 1352 2631 Iv-
1383 2604 1417 2630 et
1437 2606 1525 2633 vm.
