1752 3116
352 158 406 201 4ss
823 156 1216 198 ITINERARIVM

273 259 275 261 .
309 209 362 280 Ι

354 282 404 316 et
449 271 696 334 elephanti
745 270 935 325 turriti,
997 287 1118 333 quae
1149 269 1213 303 (a)
1257 270 1355 316 11113
1402 281 1474 316 est
1513 286 1696 333 pompa

355 354 622 402 iactantiae.
722 415 726 417 Β

206 481 340 515 Darius
454 442 595 485 LVII.
640 437 825 498 Hisque
874 453 986 482 cum
1031 437 1184 498 copiis
1237 448 1388 482 castra
1434 438 1696 484 conlocant

123 536 242 582 copias
282 538 340 571 in-
356 520 489 566 iuxta
510 517 567 554 (b)
613 520 948 566 Bulemum(c>
985 536 1179 565 amnem
1211 519 1390 566 Arbelo
1434 519 1555 565 urbe
1597 536 1701 565 non

123 594 231 626 struit
295 595 341 627 ad

122 661 279 694 pugnam

122 718 232 751 prope
269 707 342 742 Ar·
358 686 408 731 id
453 687 552 732 loci
597 704 781 734 nomen
817 699 902 733 est.
968 687 1078 732 Illic
1118 687 1274 733 fertur
1319 702 1428 731 orso
1465 685 1617 732 Dario
1645 684 1705 719 (ε)

123 762 255 800 belum.

355 605 549 665 procul,
586 604 665 649 vel
691 604 824 666 quod
854 604 940 649 alii
959 605 1216 650 mavolunt
1239 603 1288 647 in
1317 603 1605 650 Causamelis
1619 601 1702 656 (d),

357 785 467 814 suos
495 770 546 813 in
578 768 768 824 'cellum
802 769 1063 823 adhortari,
1098 770 1261 815 visum
1289 769 1583 823 eunuchum,
1620 768 1708 829 qui
1744 794 1747 798 -

358 868 452 898 una
479 851 737 898 affectibus
761 865 950 914 captus,
988 851 1255 916 refugerat,
1294 851 1612 897 commodum
1636 851 1709 895 di-

358 936 483 981 xisse
530 952 624 996 quo
663 936 894 981 castitatis
929 937 1117 981 honore
1160 946 1311 996 utque
1346 935 1476 998 regie
1518 934 1592 980 sui
1627 934 1709 979 ha-

360 1018 578 1065 beretur:
617 1032 730 1066 cunc
768 1021 905 1066 illum
938 1017 1181 1079 petisse<f>
1217 1016 1449 1063 divinitus
1478 1034 1570 1079 pro
1597 1033 1714 1063 con·-

362 1102 525 1155 cione,
579 1104 620 1149 si
656 1101 750 1147 sibi
784 1101 885 1146 iarn
918 1101 1021 1146 fato
1058 1118 1158 1147 non
1193 1102 1360 1154 liceat,
1419 1100 1572 1146 Persis
1608 1099 1715 1145 Ale-

361 1184 604 1230 xandrum
638 1185 889 1245 imperare.
959 1188 1090 1229 Tum
1124 1185 1292 1229 locum
1327 1181 1575 1247 diligit(g)
1611 1193 1715 1227 ten-

364 1266 522 1312 dendo
578 1266 660 1312 ubi
701 1265 856 1311 hostis
910 1265 1204 1311 visabundus
1250 1276 1364 1310 erat.
1434 1263 1490 1309 Id
1536 1280 1717 1325 aequor

364 1348 657 1395 inoffensius
693 1347 987 1409 equitabile‚
1041 1361 1088 1394 et
1122 1348 1268 1393 Issico
1304 1346 1436 1393 bello
1456 1343 1518 1378 (ἢ)
1553 1345 1719 1392 condi-

365 1433 438 1479 tio
474 1431 664 1477 divera:
714 1429 840 1475 utffl
878 1430 1010 1492 quod
1053 1431 1158 1476 illic
1193 1431 1344 1476 animi
1388 1430 1572 1475 virtute
1607 1444 1720 1490 pro-

365 1516 529 1561 visum
572 1523 667 1566 est,
717 1529 890 1578 magna
938 1513 1017 1559 hic
1062 1515 1280 1576 corporis
1323 1529 1485 1559 rursus
1527 1511 1723 1558 fortitu·

368 1597 481 1644 dine
515 1608 714 1659 peteret.

163 1707 354 1742 Delibera·
470 1684 636 1727 LVIII.
673 1679 829 1743 Igitur
857 1679 995 1724 omni
1026 1679 1284 1741 quatriduo
1309 1679 1493 1725 viribus
1519 1695 1721 1725 suorum

140 1765 354 1827 tiones-Ale·
371 1764 587 1817 refectis,
643 1762 993 1823 exploratoque
1026 1761 1146 1809 belli
1178 1764 1314 1816 loco,
1370 1763 1528 1824 nequa
1564 1766 1725 1808 Persa-

138 1821 277 1856 xandrx.
372 1866 482 1895 rum
518 1845 746 1897 insidiae,
796 1845 993 1890 sarcinis
1028 1844 1299 1891 Alexander
1334 1845 1579 1908 relegatis,
1618 1862 1722 1892 ora·

371 1932 506 1976 tione
541 1929 713 1973 incitat
746 1944 880 1978 suos:
918 1928 1083 1989 itaque
1115 1928 1345 1995 provehit
1379 1929 1533 1973 aciem
1579 1928 1722 1974 silen-

373 2014 448 2060 tio
486 2014 753 2073 imperato,
791 2023 846 2056 ut
876 2028 1047 2072 repens
1078 2010 1241 2074 fragor
1275 2009 1411 2056 fieret
1442 2011 1721 2058 terribilior.

373 2102 437 2143 At
463 2096 596 2142 enim
625 2095 844 2177 effiomni
879 2093 956 2140 die
985 2106 1188 2155 uterque
1220 2093 1399 2155 trepidi
1436 2106 1484 2139 et
1516 2094 1724 2141 circum-

420 2237 472 2268 (a)
496 2236 574 2264 Cod.
599 2234 761 2274 eur-rique.
808 2231 853 2267 (b)
879 2232 959 2262 cod·
987 2235 1146 2261 iunctum.
1190 2234 1234 2266 (c)
1260 2235 1310 2261 lta
1335 2232 1412 2262 cod.
1436 2233 1582 2262 Van-iant
1613 2240 1728 2265 autem

377 2285 604 2316 vehementer
636 2283 673 2313 in
704 2284 809 2313 huius
844 2283 995 2312 fluminis
1022 2284 1161 2311 nomine
1185 2283 1327 2310 Arriani
1361 2288 1394 2310 ct
1425 2283 1538 2310 Curtii
1575 2283 1728 2319 codices,

375 2342 502 2371 nempe
528 2335 653 2362 habent
678 2334 875 2367 Rammius,
912 2335 1099 2367 Rurnodus.
1138 2331 1377 2366 Romarm-Ius,
1411 2331 1623 2368 Boumellus,
1657 2336 1725 2364 Bu.

378 2385 505 2418 melus,
540 2383 708 2414 BuanuL
751 2384 806 2416 (d)
830 2387 878 2414 lta
907 2383 979 2413 cod.
1014 2385 1098 2410 Sane
1132 2389 1165 2411 ct
1196 2383 1397 2411 Plan-«rebus
1431 2383 1554 2410 scribit
1587 2380 1728 2411 Γάιε-αι-

378 2433 515 2482 μ.ἧ)σι;,
545 2438 601 2465 alii
629 2435 861 2475 Gaugamelis.
909 2438 953 2466 (ε)
977 2435 1057 2465 Cod.
1086 2436 1230 2464 Durius.
1283 2436 1339 2469 (f)
1365 2434 1447 2462 cod.
1473 2443 1635 2471 corrupte
1659 2437 1729 2464 sic:

382 2492 509 2521 nullius
541 2490 664 2531 absque
696 2493 763 2521 eius
795 2500 881 2530 grae
912 2492 1159 2528 ereumpetisse.
1217 2491 1268 2528 (g)
1301 2491 1348 2518 lta
1382 2487 1459 2518 cod·
1493 2498 1557 2526 pro
1592 2489 1726 2531 deligit.

380 2541 432 2577 (h)
457 2541 541 2570 cod.
563 2539 688 2571 bellico.
730 2541 771 2574 (i)
795 2542 877 2571 Cod.
903 2548 975 2570 aue.
