1752 3116
150 873 348 922 Taposiris.

384 156 403 189 1
412 150 463 189 28
769 152 1122 195 ALEXANDRI
1151 159 1334 198 ORTVS

379 265 511 304 stiam
550 265 679 309 iubet.
736 266 824 330 Qui
848 281 940 306 eum
969 281 1053 308 non
1086 283 1140 309 ex
1171 275 1376 322 opinione
1408 275 1719 326 praeiudicata

370 331 577 393 fecisset,
607 339 823 393 leviusque
858 341 990 379 ictum
1019 343 1181 388 animal
1199 349 1430 395 evasisset,
1461 350 1722 390 exclamasse

380 410 634 452 Alexander
642 407 801 469 fertur
822 425 980 462 graeco
1001 415 1169 455 scilicet
1189 418 1330 470 verbo,
1360 421 1478 474 quod
1500 423 1721 462 remissior

383 496 508 522 arcus
537 493 580 524 et
612 486 798 524 intentio
829 485 1039 534 sagittam
1080 488 1319 531 inbecillius
1357 493 1575 544 exegisset
1609 508 1723 545 para

382 563 516 595 tonon
548 557 667 596 istud
679 551 858 613 sactum
875 555 926 586 (α)
954 560 1117 600 videri·
1163 564 1237 604 Ex
1268 579 1395 620 eoque
1421 567 1543 606 dicto
1562 561 1613 598 (ἦ)
1642 569 1725 606 Pa-

380 631 599 668 ratonium
632 633 762 670 etiam
789 640 896 683 post
911 628 1233 688 frequentatae
1260 639 1355 679 urbi
1383 653 1534 681 nomen
1565 640 1725 682 ibidem

380 701 528 740 datum
552 700 618 745 (²).

480 856 584 900 XX.
619 856 749 904 Hinc
776 875 923 921 porro
956 861 1016 907 ad
1048 863 1236 918 Iocum,
1274 867 1362 928 qui
1394 868 1543 934 vulgo
1565 872 1729 932 Tapo-

381 935 490 982 siris
523 936 790 997 diceretur,
827 946 1029 1006 appulit.
1085 949 1336 1009 Inquirens
1371 951 1607 997 autem&
1641 969 1728 1000 no·

383 1018 532 1064 :minis
581 1037 770 1069 causam
815 1028 993 1089 accipit
1035 1029 1094 1075 ab
1137 1031 1378 1096 indigenis
1418 1036 1729 1096 sepulchrum

384 1103 600 1149 Osiridos
633 1106 739 1152 illic
774 1127 898 1164 esse,
949 1113 1078 1173 quod
1123 1131 1148 1159 a
1184 1116 1338 1161 veteri
1371 1118 1731 1180 compositione

151 1208 246 1243 situs
280 1221 367 1243 con,
384 1199 669 1249 corruptum
711 1193 1025 1252 Taposiridus
1084 1195 1239 1243 dictus
1286 1211 1421 1250 esset.
1491 1205 1728 1263 Operatus

151 1265 234 1298 ditae
278 1266 367 1299 AJe-
382 1269 532 1332 igitur
564 1271 726 1318 illicce
759 1277 895 1327 Deo,
929 1276 990 1321 ad
1023 1277 1075 1322 id
1108 1279 1206 1325 loci
1239 1282 1432 1336 transit,
1466 1300 1616 1345 quem
1651 1302 1730 1330 ex-

151 1321 319 1356 xandriae.

381 1363 576 1399 tensum
619 1354 817 1416 quidem
852 1360 1017 1422 magni
1061 1372 1112 1406 et
1153 1362 1313 1410 uberis
1360 1367 1583 1427 aequoris
1622 1369 1732 1429 pul·

385 1436 664 1484 chritudine
707 1439 936 1495 miratur,
980 1441 1287 1506 frequentem
1329 1460 1490 1494 autem
1520 1449 1566 1482 (⁰)
1599 1467 1734 1497 com-

385 1520 691 1566 manentium
721 1525 1085 1574 conventiculis,
1155 1528 1376 1577 Sedecim
1401 1532 1581 1594 quippe
1612 1547 1662 1580 et
1674 1534 1732 1569 (d)

385 1601 538 1646 instar
565 1602 762 1650 urbium
793 1607 912 1652 vicis
938 1607 1177 1656 decoriter
1198 1611 1463 1660 admodum
1489 1615 1730 1666 distinctis

386 1696 533 1746 atque
569 1684 814 1748 dispositis
861 1691 1106 1747 consistit,
1155 1712 1364 1757 quorum
1404 1700 1731 1764 magnitudini

386 1768 548 1814 honor
582 1780 630 1814 et
675 1786 788 1817 cura
823 1772 1140 1823 deferebatur.
1207 1779 1296 1825 His
1336 1780 1545 1829 sedecim
1578 1783 1732 1832 deses·

385 1923 1740 1950 Ἢ-

432 1989 483 2021 (α)
507 1989 589 2018 Cod.
605 1989 739 2024 facum.
769 1990 816 2025 (b)
836 1993 918 2023 Cod.
941 1994 1079 2025 dictum.
1111 1999 1161 2031 (c)
1181 1999 1264 2028 cod.
1286 2006 1414 2029 tamen.
1444 2001 1565 2034 (d)1ta
1585 1998 1660 2031 cod..
1684 2009 1731 2031 et.

449 2175 508 2220 (1)
540 2177 671 2210 Noster
693 2181 837 2226 quidem
857 2183 994 2216 Auctor
1012 2183 1187 2229 originem
1211 2187 1366 2220 nominis
1381 2190 1586 2225 Paraetonii
1604 2204 1729 2238 parum

389 2233 597 2266 credibilem
630 2246 772 2271 narrat:
805 2239 873 2273 Sed
895 2239 990 2272 enim
1017 2241 1111 2273 haud
1137 2241 1252 2276 levius
1277 2254 1442 2289 peccatur
1466 2247 1504 2280 in
1525 2249 1728 2284 Eusebiano

390 2290 557 2323 chronico
579 2301 660 2325 cum
694 2294 823 2328 dicitur
846 2296 1051 2330 Alexander
1072 2306 1152 2342 post
1173 2300 1358 2343 Hyrcanos
1385 2312 1420 2336 et
1443 2304 1587 2338 Mardos
1611 2315 1730 2351 captos

389 2357 573 2386 reversus,
604 2348 638 2381 in
664 2351 864 2385 Hammone
896 2353 985 2397 (seu
1006 2355 1246 2401 Hammonia)
1278 2359 1518 2395 Paraetonium
1549 2361 1642 2405 (seu
1662 2364 1733 2398 Pa-

389 2403 598 2447 ratonium)
628 2407 840 2441 condidisse.

451 2458 508 2505 (2)
541 2462 628 2494 Cod.
654 2473 781 2499 tamen.
814 2466 1028 2499 particulam
1056 2469 1189 2502 scilicet
1213 2481 1362 2515 graecam
1384 2475 1417 2508 δὲ
1444 2486 1516 2508 non
1536 2485 1653 2510 autem
1672 2476 1734 2510 sed

393 2525 510 2549 tamen
535 2529 626 2564 saepe
656 2521 696 2552 ·1-
720 2521 886 2556 Valerius
911 2524 1085 2568 explicat,
1117 2526 1212 2570 quod
1238 2528 1297 2562 vix
1317 2531 1520 2574 probabam.
