1752 3116
576 133 931 175 ALEXANDRI
1367 138 1389 175 3
1397 136 1418 174 3

76 245 146 291 ita
170 262 269 293 non
292 249 449 294 multo
473 259 583 310 post
613 248 881 300 debellato,
921 248 1244 294 internicione
1275 235 1443 293 hostia-'²¹

81 329 168 376 bus
191 332 335 376 caesis
363 333 478 394 (nisi
509 331 652 393 pauci
680 331 764 392 qui
796 331 955 377 studio
987 331 1128 394 fugae
1156 346 1285 374 arma
1314 348 1425 391 pro-

79 430 194 474 pere
226 414 278 446 (α)
314 414 607 474 abiecerant)
654 414 901 475 captisque
933 411 980 446 (ὅ)
1024 414 1158 465 aliis,
1217 429 1427 474 quorum

80 496 302 558 plerique
346 498 656 543 Athenienses
707 498 860 542 Persis
912 496 1074 558 precio
1121 495 1423 542 militabant:

83 595 203 640 quos
241 580 441 641 quidem
475 579 604 627 ferro
635 581 828 627 vinctos
858 578 1175 626 Macedoniae
1210 594 1320 626 rura
1359 595 1430 624 co-

82 664 174 708 lere
210 662 356 708 iubet.
414 663 675 724 Utrimque
711 681 869 710 caesos
903 664 1076 708 humat
1099 663 1156 708 (⁶).
1225 660 1433 707 Praedae

79 745 313 807 pleraque
347 749 526 792 iactans
562 747 744 810 gloriae
779 746 926 791 matri
960 744 1261 791 transmittit.

184 832 352 874 XXIV.
400 830 553 893 Igitur
586 830 673 873 hac
708 828 829 873 belli
871 828 1067 875 fortuna
1101 829 1153 872 in
1191 827 1434 873 confiden·
1451 865 1548 902 Asiae
1578 868 1650 900 mi-

81 910 204 955 tiam
240 913 641 972 consequentium
671 909 726 943 (d)
763 911 1006 964 eruditus,
1057 911 1242 971 Lydiae
1277 911 1435 958 Sardis
1453 924 1548 957 noris
1596 925 1648 957 ci-

85 1005 132 1039 et
167 995 374 1055 reliquas
420 993 602 1055 recepit
639 993 777 1039 Asiae
825 994 1042 1039 civitates
1079 994 1213 1040 aditu
1249 994 1437 1039 indem-
1453 988 1579 1013 v1tates
1612 988 1646 1013 et

83 1076 158 1130 ni,
221 1077 374 1122 Persis
419 1076 589 1121 navale
624 1076 812 1123 bellum
845 1076 1024 1121 frustra
1058 1077 1433 1138 teniptantibUS‚
1454 1049 1646 1127 {331¹ssae

87 1160 321 1220 quoniam
378 1158 685 1205 terrestribus
749 1158 966 1220 undiquc-
1019 1160 1296 1221 sumptibus
1354 1173 1439 1207 aut

83 1242 334 1304 praesidiis
389 1241 689 1286 arcebantur.
759 1242 868 1286 Fuit
936 1253 1102 1287 tamen
1161 1243 1437 1289 Alexandro

85 1338 236 1372 etnam
271 1325 596 1369 Halicarnassi
643 1340 816 1386 anceps
861 1323 1069 1379 bellum,
1121 1341 1266 1387 quam
1313 1325 1442 1372 obsi-

89 1407 235 1454 dione
271 1407 353 1451 vix
374 1407 535 1467 coepit
569 1418 616 1451 et
648 1406 820 1451 diruit:
858 1407 1155 1468 propiciatus
1191 1408 1306 1452 hinc
1328 1419 1445 1469 post

90 1492 304 1555 reginae,
351 1489 432 1535 cui
476 1505 594 1534 mox
640 1488 854 1535 reddidit
899 1508 1102 1554 regnum
1151 1491 1252 1536 eius
1289 1490 1439 1544 urbis,

90 1573 151 1620 ab
188 1590 336 1634 eaque
364 1589 412 1618 se
443 1570 602 1616 filium
636 1571 733 1617 dici
761 1572 1128 1637 dignantissime
1157 1586 1324 1636 pactus
1356 1585 1443 1619 est.

190 1659 336 1705 XXV,
373 1655 516 1700 Exim
545 1655 751 1714 Lyciam
779 1673 833 1702 ac
863 1656 1126 1720 Phrygiam
1172 1673 1278 1703 suas
1310 1657 1442 1702 facit.
1524 1680 1677 1714 Insidias

96 1745 314 1801 Cumque
361 1748 521 1802 ageret
564 1738 838 1794 Phaselide,
889 1739 1024 1785 audit
1065 1740 1243 1801 Aeropi
1286 1737 1444 1783 filium
1461 1736 1550 1770 vitat
1589 1738 1680 1771 Ale-

99 1839 282 1869 novare
321 1820 577 1866 adversum
624 1837 673 1866 se
718 1839 791 1867 res
829 1823 979 1876 velle,
1039 1823 1235 1869 hortatu
1279 1793 1609 1875 Darii‚¹ander'

94 1906 268 1952 Asinae
312 1904 649 1958 internuntio,
698 1915 755 1949 ut
800 1905 840 1950 si
884 1905 925 1951 is
970 1920 1201 1969 magnum
1240 1907 1446 1951 Alexan·

94 1988 237 2034 drum
276 1987 611 2049 oppressisset,
664 2004 813 2052 regno
849 1987 950 2033 eius
985 1999 1224 2049 uteretur,
1269 1987 1446 2034 additis

94 2071 190 2118 sibi
238 2070 344 2115 auri
389 2071 582 2116 talentis
638 2071 779 2117 mille
822 2082 871 2116 et
918 2071 1133 2116 amicitia
1177 2074 1445 2116 Persarum.

95 2153 238 2218 Quod
275 2154 314 2199 is
351 2152 618 2199 Alexander
652 2153 856 2215 Aeropi,
903 2152 1302 2200 interfectoribus
1337 2153 1449 2199 Phi-

94 2237 222 2298 lippi
258 2235 500 2289 conscius,
547 2235 737 2282 heredis
784 2236 885 2295 ejus
933 2237 1320 2284 clementiam<²>
1355 2237 1449 2283 cal-

136 2359 187 2392 (α)
213 2358 296 2386 cod.
334 2367 487 2395 pronere.
532 2357 580 2394 (b)
605 2360 686 2390 eod.
710 2361 872 2398 captisve.
911 2362 958 2393 (c)
985 2360 1066 2390 Cod·
1092 2362 1227 2401 utrique
1255 2369 1366 2392 caesos
1391 2359 1452 2390 ku·

99 2415 210 2437 manc,
256 2406 309 2440 (d)
330 2409 410 2436 Cod.
437 2409 751 2449 inconsequentium.

160 2501 220 2548 (1)
252 2501 346 2536 Huic
376 2501 474 2536 enim
493 2500 699 2537 Alexander
727 2513 790 2536 rex
816 2511 1022 2546 pepercerat
1048 2510 1137 2536 teste
1164 2501 1322 2535 Arriano
1348 2502 1375 2534 I.
1399 2504 1454 2533 26.

1157 2561 1182 2602 3
