1732 3121
0 258 11 291 a
556 246 660 285 SEV
688 246 863 285 LIBER
891 244 969 284 III.
1359 251 1435 285 271

0 303 7 342 J

93 361 283 423 „rumpi
321 371 544 423 oporteat
579 360 655 404 vel
693 359 896 422 emergi:
935 359 1134 419 eiusque
1157 359 1280 404 alvei
1307 372 1439 405 tanta

89 455 190 495 >‚est
224 443 510 496 difficultas,
550 454 725 505 quanta
761 458 848 487 nos
896 458 918 486 a
957 441 1204 503 quibusvis
1249 445 1438 503 pericu-

92 526 183 578 „lis
219 539 424 574 tueatur.

188 613 356 656 LXXI.
406 614 542 663 „Hoc
575 609 724 673 igitur
758 608 953 654 tantillo
989 608 1041 652 in
1088 607 1197 652 Ioco
1236 605 1438 654 ducenta

86 692 255 744 „milia
300 693 544 756 virginum
592 692 815 744 coimus9
849 692 986 737 nullo
1037 692 1240 737 omnino
1288 693 1435 737 maris

85 792 229 828 „sexu
266 775 576 837 interpolato.
627 775 890 821 Enimvero
928 774 1082 821 sicubi
1106 773 1247 819 nobis
1275 773 1334 818 ad
1358 790 1439 819 na-

88 871 281 911 „turam
328 870 399 903 est
441 856 820 911 consulendum,
872 874 1087 902 annuum
1132 873 1321 902 sacrum
1369 869 1441 902 est

85 940 248 1001 „quod
283 941 616 1002 hippophama
650 943 937 987 vocitamus.
983 942 1098 985 Eius
1133 941 1251 985 sacri
1299 957 1439 986 causa

85 1022 178 1076 „ad
213 1039 367 1067 mares
402 1035 594 1068 nostros
631 1024 714 1084 qui
750 1026 876 1069 ultra
915 1040 1111 1069 amnem
1147 1023 1439 1069 extrinsecus

86 1106 430 1167 „perpelantnr
462 1105 513 1138 (a)
553 1123 721 1152 omnes
756 1107 910 1152 ferme
956 1106 1243 1159 transimus,
1296 1118 1439 1167 atque

84 1191 219 1243 „illic
253 1207 340 1251 per
374 1188 474 1233 dies
513 1205 633 1234 ·xxx·
670 1190 797 1234 inter
832 1191 948 1235 haec
985 1205 1107 1250 quae
1146 1190 1249 1234 Diis
1287 1205 1435 1253 agun-

84 1285 214 1327 „tur‚
250 1271 336 1317 ubi
373 1271 520 1316 fuerit
544 1272 600 1316 ad
639 1271 908 1317 lubentiam
944 1271 1187 1322 nubimus,
1225 1274 1435 1334 Nuptias

86 1373 229 1410 „vero
266 1371 379 1401 cum
414 1355 631 1400 maribus
668 1355 1075 1416 derelinquimus,
1114 1355 1264 1416 pactis
1302 1368 1350 1401 et
1370 1356 1437 1400 le-

86 1438 254 1503 „gibus
288 1450 342 1483 ut
377 1455 595 1502 quaeque
631 1442 761 1487 exim
796 1440 854 1482 ad
888 1454 1057 1483 sexum
1102 1439 1231 1483 hunc
1280 1438 1439 1484 editae

87 1553 105 1575 ,‚
122 1522 284 1576 fuant,
325 1524 519 1569 eaedem
542 1520 589 1555 (b)
625 1536 737 1585 post
765 1521 1074 1582 septennium
1096 1524 1145 1565 in
1171 1522 1440 1567 exercitum

86 1605 446 1658 „dimittantun
484 1606 575 1653 Sed
610 1606 695 1652 ubi
731 1604 953 1651 venerint
989 1602 1277 1649 erudiuntur
1301 1604 1438 1665 equis

87 1701 167 1743 „et
199 1691 368 1751 peltis,
408 1688 562 1737 donec
597 1690 744 1736 armis
780 1688 986 1734 idoneae
1022 1687 1220 1733 fuerint.

185 1775 375 1817 LXXII.
409 1773 595 1837 „Igitur
619 1773 758 1818 nobis
785 1787 1094 1833 quocumque
1125 1768 1440 1816 militandum

87 1867 166 1909 „et
201 1872 290 1900 ·xx·
325 1854 526 1901 milibus
562 1867 783 1901 nostrum
819 1853 956 1899 domi
979 1865 1026 1899 et
1050 1854 1102 1897 in
1130 1855 1285 1914 patria
1308 1869 1440 1913 prae-

86 1938 456 1992 „tendentibus,
493 1952 540 1983 et
576 1939 749 1986 ceteris
786 1954 918 1983 arma
967 1948 1254 1983 sumuntur:
1310 1935 1442 1981 rede-

87 2021 416 2085 „untibusque
460 2039 568 2068 mos
616 2033 686 2068 est
733 2022 975 2068 honorem
1019 2036 1106 2082 pro
1153 2018 1440 2080 vulneribus

87 2108 374 2159 „nurnerari.
426 2111 493 2151 Ea
529 2104 671 2151 nobis
704 2105 947 2166 stipendia
993 2114 1129 2156 sunt,
1179 2103 1296 2148 haec
1331 2118 1440 2163 pro-

87 2218 107 2243 »
121 2191 307 2236 vectio:
347 2201 632 2250 tantumque
669 2188 772 2249 quis
808 2199 1031 2233 nostrum
1076 2188 1262 2231 honore
1309 2184 1440 2230 dives

86 2284 188 2325 „est
222 2283 458 2334 quantum
494 2270 798 2317 cicatricibus
833 2271 1125 2334 insignitior.
1175 2269 1365 2332 Quippe
1394 2280 1442 2314 et

88 2371 298 2410 „corona
335 2371 474 2401 aurea
511 2354 763 2399 redimitae
800 2355 1092 2406 salutamur,
1140 2364 1282 2414 atque
1328 2351 1439 2398 ado-

89 2455 283 2493 „ramur
318 2455 342 2483 a
380 2439 579 2491 ceteris,
617 2449 666 2483 et
707 2438 914 2500 publicis
959 2435 1197 2482 conviviis
1241 2434 1438 2480 adhibe·

131 2639 185 2670 (a)
210 2641 258 2668 lta
278 2640 355 2668 cod.
382 2640 448 2668 nisi
472 2641 578 2669 mavis
601 2639 850 2677 per-pelluntur.
888 2638 934 2671 (b)
958 2639 1040 2667 cod.
1064 2638 1197 2670 eadem.
