1752 3116
193 640 345 677 Alexan-

134 699 188 733 dri
225 699 347 732 concio

135 756 179 788 de
254 755 348 788 bello

134 812 270 858 persico
289 822 349 844 su-

135 868 327 914 scipiendo.

359 170 373 203 1
385 168 435 203 20
744 160 1096 201 ALEXANDRI
1126 159 1310 201 ORTVS

357 285 488 320 ratur
522 274 667 338 igitur
695 273 922 335 Philippo
958 273 1085 337 regia
1118 274 1387 336 sepultura,
1423 274 1476 321 in
1510 289 1696 321 memo-

356 357 485 402 riaffi
517 355 728 402 eiusdem
766 357 903 403 omni
934 356 1221 403 Macedonia
1256 369 1306 403 et
1332 348 1517 420 reliqua
1556 362 1697 404 Grae·

361 440 431 486 cia
468 440 786 502 conspirante.

459 610 587 662 XIII.
622 606 720 653 Ubi
754 605 902 671 igitur
938 605 1091 651 amoti
1135 606 1288 653 animi
1321 606 1585 666 hominum
1618 604 1706 649 illa

365 708 525 737 rerum
571 692 787 738 novitate
832 689 1093 751 quietiores
1138 691 1231 735 visi
1276 707 1375 736 esse
1418 698 1704 751 potuerunt,

366 772 554 821 scandit
599 771 866 822 Alexander
907 783 1134 833 paternae
1178 783 1363 819 statuae
1408 782 1711 835 suggestum,

368 868 418 902 et
458 868 659 918 propter
702 857 843 903 illam
886 855 1106 901 assistens
1153 855 1213 901 ad
1255 856 1374 901 haec
1407 854 1554 901 verba
1597 840 1712 900 ccu-

369 938 615 985 cionatur:
681 943 752 993 „O
784 939 943 985 Pellae
986 939 1145 1000 proles
1192 951 1242 984 et
1289 938 1618 986 Macedonum
1663 948 1712 983 et
1748 942 1752 946 “

367 1021 770 1077 „Atheniensium
793 1023 1109 1084 Corinthique
1143 1023 1397 1087 progensts
1423 1033 1714 1068 ceterarum-

370 1122 493 1166 „que
516 1093 740 1150 Graeciae
767 1106 986 1170 gentium
1014 1106 1240 1160 nomina,
1278 1118 1468 1168 tenipus
1499 1117 1571 1151 est
1586 1104 1716 1166 quis-

368 1217 389 1239 „
403 1187 508 1248 quis
535 1187 807 1234 Alexandro
841 1204 942 1234 sese
977 1189 1142 1249 cupiat
1175 1190 1414 1243 militare,
1451 1200 1508 1234 ut
1530 1187 1716 1234 scilicet

369 1287 532 1325 „nunc
577 1286 760 1316 nomen
811 1270 970 1317 labori
1012 1269 1238 1318 fateatur.
1306 1276 1363 1318 In
1411 1287 1492 1316 eos
1535 1269 1716 1332 quippe

372 1353 726 1407 „militabimus
770 1353 1025 1408 barbaros,
1074 1356 1160 1416 qui
1192 1372 1281 1403 nos
1327 1353 1617 1416 iampridem
1651 1369 1720 1407 re,

373 1452 534 1491 „nunc
586 1454 702 1483 vero
759 1438 969 1499 spoliare
1027 1450 1235 1503 pergunt
1287 1437 1435 1486 etiam
1479 1435 1718 1482 libertate.

374 1519 558 1583 „Igitur
594 1536 758 1565 eamus
794 1519 968 1566 ducere
1001 1520 1054 1565 in
1089 1521 1373 1567 servitutem
1409 1525 1585 1567 Persas.
1636 1520 1718 1575 Hi,

376 1602 582 1666 >‚quibus
625 1615 767 1665 turpe
809 1615 912 1649 erat
944 1603 1261 1650 servientibus
1307 1621 1407 1650 non
1450 1603 1722 1657 subvenire,

379 1687 547 1741 „enim
582 1703 710 1732 nunc
745 1687 894 1732 etiam
928 1688 1020 1749 ipsi
1055 1688 1328 1738 servimus,«
1384 1693 1447 1733 Et
1479 1687 1596 1733 haec
1621 1686 1724 1748 qui·

381 1771 493 1819 dem
523 1770 650 1815 dicta
673 1769 1005 1831 praesentibus
1040 1770 1201 1817 edicit.
1258 1774 1446 1816 Tamen
1480 1771 1521 1817 it
1554 1770 1723 1817 eadem

382 1853 468 1898 illa
505 1853 740 1899 sententia
778 1864 827 1898 et
859 1870 945 1914 per
966 1853 1151 1917 singula
1181 1853 1359 1916 oppida
1395 1853 1724 1915 civitatesque,

384 1948 444 1984 ut
473 1952 567 1980 una
589 1952 700 1981 cum
726 1935 952 1982 classibus
984 1937 1059 1992 hi,
1096 1937 1179 1999 qui
1212 1953 1460 1983 armorum
1484 1934 1723 1983 desiderio

382 2030 686 2097 tenerentur,
727 2018 785 2063 ad
807 2035 907 2065 sese
938 2019 1248 2069 confluerent.
1306 2020 1461 2082 Igitur
1493 2029 1548 2065 ut
1581 2018 1622 2064 Si
1656 2019 1728 2064 in·

385 2101 637 2147 centivum
679 2101 879 2163 aliquod
918 2102 1081 2148 divina
1115 2118 1234 2150 voce
1279 2102 1595 2148 intonavisset
1630 2119 1727 2164 quo

390 2183 581 2229 facilius
626 2183 684 2229 ad
720 2185 960 2231 eiusmodi
993 2202 1113 2247 opus
1160 2185 1317 2231 studia
1355 2185 1616 2231 hominum
1651 2203 1729 2232 ex·

391 2267 718 2319 ardescerent,
752 2269 819 2313 ita
855 2280 1026 2315 votum
1061 2280 1402 2330 certamenque
1436 2280 1538 2315 erat
1570 2272 1728 2315 Mace·

392 2349 603 2396 donibus
638 2349 898 2400 militandi,
959 2349 1229 2399 Alexander
1265 2352 1459 2399 aedibus
1494 2353 1726 2406 reseratis,

393 2432 568 2496 quibus
602 2432 794 2479 condita
825 2434 974 2496 patris
1009 2450 1142 2479 arma
1172 2435 1402 2481 militaria
1437 2435 1727 2488 visebantur,

392 2517 468 2562 his
505 2533 625 2580 quos
660 2517 866 2564 inermes
902 2517 1088 2565 viderat
1123 2518 1390 2584 dilargitur.
