1752 3116
268 275 320 316 68
738 242 1132 295 ITINERARIVM

270 384 450 432 incitus
495 369 793 424 interfecerit
849 361 957 426 (die
1000 371 1132 404 sacro
1178 346 1311 412 quod
1340 345 1390 378 (ι)
1436 356 1526 406 pro

273 466 451 515 Libero
489 453 763 507 Castoribus
799 444 1008 502 fecerat)
1046 438 1131 501 qui
1148 434 1201 466 (α)
1238 431 1382 493 epulo
1419 420 1616 470 accuba-

275 552 361 597 bat
403 563 497 593 una
539 531 897 587 blanditoribus
933 525 1069 590 regis,
1138 522 1272 567 Tum
1313 523 1454 571 supra
1488 506 1619 566 ipsos

282 626 582 681 fortitudinis
629 625 758 667 Deos
782 614 834 648 (5)
883 606 1068 656 laudari
1122 601 1180 648 ab
1236 585 1622 644 adsentatoribus

285 726 508 777 coeptus,
544 705 674 770 patri
708 712 900 764 quoque
935 709 984 739 se
1019 687 1246 747 Philippo
1284 670 1516 724 anteferri
1550 667 1630 712 de-

1557 335 1610 370 (ε)

285 797 570 846 lectabatur.

389 882 509 926 XCI.
563 873 827 921 Enimvero
864 863 919 910 cl

295 982 410 1013 cum
452 958 724 1007 restitueret
763 951 812 995 iu
859 945 1013 994 viam,
1069 949 1226 996 neque
1271 945 1296 975 c

296 1049 476 1097 malam
508 1054 705 1088 morum
738 1026 1071 1093 adrogantiam
1098 1018 1388 1065 coalescere,

301 1131 452 1179 destia
488 1139 535 1172 et
569 1115 855 1169 verecundia
886 1112 994 1173 plus
1029 1102 1182 1151 laudis
1218 1095 1447 1144 adferret,
1487 1084 1646 1133 amico

302 1215 453 1265 liber,
489 1207 740 1270 religiosus
768 1199 819 1243 in
849 1192 1158 1252 Philippum3
1196 1186 1322 1227 Eum
1349 1189 1465 1221 vero
1494 1187 1543 1215 se
1573 1183 1653 1212 an-

305 1298 482 1345 teferre
512 1283 786 1351 respondit,
826 1277 908 1340 qui
943 1275 1031 1319 hos
1065 1266 1234 1314 fecerit
1265 1275 1374 1307 suos
1405 1251 1559 1300 animi
1587 1248 1656 1293 vi·

310 1381 445 1429 ribus
489 1369 804 1435 corporisque
837 1356 883 1392 (ᾖ)
930 1373 1044 1402 cum
1096 1347 1269 1413 quibus
1311 1338 1511 1389 vicerit,
1559 1346 1660 1377 non

315 1482 429 1513 eum
453 1462 501 1493 (⁶)
539 1456 623 1519 qui
659 1448 833 1497 talibus
871 1439 1087 1507 gaudeat.
1157 1436 1288 1493 Quae
1324 1422 1409 1470 ubi
1444 1419 1571 1464 ultra
1590 1412 1660 1464 (4³,

1386 1500 1468 1549 ΞΜ)
1503 1495 1663 1545 verbis

650 1549 785 1598 egem
821 1528 938 1573 vino
976 1522 1245 1567 calentem,
1286 1508 1382 1556 Clit

918 1605 1009 1654 Sed
1053 1599 1185 1646 enim
1221 1608 1338 1640 mox
1377 1590 1427 1634 in
1464 1583 1516 1630 id
1551 1578 1668 1626 reci-

61 904 146 942 Cliti
166 912 274 939 mors.
922 861 1016 906 itus
1048 852 1121 900 uti
1155 841 1482 897 Alexandrum
1518 831 1638 880 arni-

1300 923 1557 976 oncederet
1595 916 1642 962 ei

1425 1005 1505 1052 cui
1538 1018 1644 1047 mo-

316 1564 406 1595 nec
441 1541 590 1606 pudet
624 1555 646 1582 r

320 1629 481 1697 gladio
517 1617 849 1683 respondetur.

321 1714 392 1760 dit
426 1701 779 1773 paenitudinis,
824 1706 880 1740 ut
915 1706 1026 1736 eum
1059 1685 1109 1729 vi

321 1798 459 1860 pigre
500 1779 890 1846 intemperantis:
940 1773 993 1817 ni
1037 1764 1183 1814 amici
1223 1759 1373 1822 magis
1418 1751 1473 1798 id
1515 1745 1673 1795 offen-

327 1897 405 1927 sae
438 1875 532 1924 Dei
566 1867 754 1917 Liberi,
794 1875 940 1923 quam
977 1854 1076 1899 eius
1112 1842 1332 1894 moribus
1363 1838 1552 1884 darent3
1592 1826 1677 1890 qui

1023 1952 1047 1980 e
1073 1932 1118 1964 (⁶)
1163 1942 1304 1975 suum
1341 1922 1470 1969 ultus
1512 1913 1679 1960 furore

327 1965 397 2016 ,sic
435 1952 773 2024 posthabitum
811 1943 1017 1989 sollemn

1115 1696 1187 1728 tae
1223 1678 1408 1740 pigeret
1443 1666 1561 1714 adeo
1597 1662 1672 1707 in-

368 2127 419 2159 (a)
443 2119 524 2150 Cod.
544 2123 574 2145 ee
590 2119 686 2153 quae.
721 2103 766 2139 (h)
783 2101 863 2129 Cod.
878 2092 1141 2135 corporibusque.
1178 2091 1222 2124 (c)
1236 2084 1319 2115 Cod.
1337 2086 1425 2111 nunc
1437 2077 1504 2108 his.
1533 2072 1587 2109 (d)
1603 2068 1685 2100 cod.

337 2175 424 2206 dati.
464 2170 512 2204 (e)
533 2164 618 2194 Cod.
644 2165 718 2198 post
745 2152 867 2183 obicum
896 2146 1098 2178 sollemnem.

336 2189 1692 2256 sss

401 2296 459 2342 (1)
489 2294 628 2334 Nempe
660 2280 812 2318 convivii
842 2273 933 2323 quod
959 2272 1016 2304 die
1042 2276 1143 2301 sacro
1170 2270 1234 2295 etc.

374 2390 375 2393 Ἴ
405 2354 465 2398 (2)
497 2345 633 2384 Addidi
662 2352 740 2387 pro.
771 2336 835 2371 Ait
868 2332 964 2365 euim
986 2326 1155 2362 Arrianus
1186 2329 1241 2352 lv.
1267 2320 1298 2348 8.
1341 2310 1417 2349 Τὸν
1447 2311 1482 2345 δὲ
1514 2308 1575 2350 πῖ,
1608 2305 1693 2340 Δις-

349 2412 450 2450 νύσου
481 2410 539 2455 μὲν
571 2406 602 2439 ἐν
630 2404 676 2446 τῷ
709 2397 790 2432 τίτε
824 2391 994 2435 ἀικλῆσαι
1033 2388 1194 2429 λέγωσι,
1244 2368 1464 2417 Διεσκιύςσιν
1496 2367 1531 2401 δὲ
1563 2360 1695 2400 θύσω.

353 2472 451 2506 aiunt
483 2473 553 2497 tum
585 2455 774 2501 temporis,
805 2446 965 2494 neglecto
994 2439 1156 2477 Baccho,
1189 2429 1367 2466 Dioscuris
1393 2435 1529 2458 sacrum
1546 2417 1693 2466 fecisse.

413 2523 469 2569 (3)
502 2522 638 2561 Nempe
665 2511 829 2545 Castores
862 2513 895 2537 et
924 2496 1130 2534 Herculem,
1162 2499 1198 2524 ut
1228 2488 1275 2522 ait
1301 2483 1473 2520 Arrianus
1497 2489 1552 2513 tv.
1578 2479 1610 2508 8.

415 2580 472 2626 (4)
506 2576 595 2611 Mira
629 2565 810 2603 scribentis
845 2555 1023 2594 brevitas!
1055 2548 1259 2586 Dicendum
1285 2542 1382 2575 euim
1413 2544 1485 2571 erat
1517 2543 1606 2581 quae
1640 2527 1700 2563 uhi

358 2639 455 2673 ultra
487 2632 625 2668 modurn
656 2623 809 2671 oggerit,
