1752 3116
394 228 412 261 1
420 224 471 261 56
782 219 1134 261 ALEXANDRI
1170 221 1352 261 ORTVS

390 345 469 389 „et
503 334 632 380 inter
661 352 740 382 eos
778 333 966 380 abiecto
1004 334 1197 380 cuidam
1233 351 1287 381 ac
1321 333 1502 380 latroni
1535 331 1736 378 Alexan-

388 417 509 473 „dro
548 421 855 469 serviturum.
915 418 1106 480 Quippe
1136 418 1227 463 ista
1261 415 1621 482 magnificentia
1652 429 1740 458 110-

387 505 610 557 „minum
656 503 744 548 ubi
785 501 936 547 semel
981 501 1195 563 cuipiam
1240 500 1303 546 sit
1345 514 1589 562 persuasa,
1634 512 1738 541 cor-

387 603 534 647 „pora
578 585 890 632 membratim
935 586 1015 630 vel
1057 585 1256 646 spiritus
1300 583 1556 647 eriguntur
1577 577 1632 610 (a)
1666 578 1739 622 in-

385 668 750 730 „prudentiun1.
807 672 990 731 Magno
1026 667 1197 713 dolore
1230 666 1324 712 tibi
1347 665 1455 711 fore
1488 664 1577 709 ista
1615 677 1737 723 quae,

384 752 797 813 „pronuntiantur
828 752 1075 815 intelligo,
1112 767 1165 795 ac
1200 750 1242 796 si
1273 765 1478 811 superna
1505 745 1741 793 caelitum-

382 835 485 889 „vis
534 835 783 884 [adversus
808 836 884 891 (“)]
930 834 1215 880 abusionem
1266 830 1547 878 huiusmodi
1579 829 1631 874 in
1666 825 1737 872 ul-

381 919 601 971 „tionem
627 919 951 965 contumeliae
981 935 1092 964 suae
1121 917 1264 962 facile
1286 925 1556 979 consurgat.
1592 910 1738 973 Equi-

379 1000 528 1055 „dem
556 1019 695 1063 spero
721 1003 884 1064 priora
914 1019 1014 1047 esse
1039 1018 1159 1063 quae
1194 997 1411 1062 spondeo
1435 1013 1583 1060 quam
1613 1009 1736 1057 quae

379 1095 464 1138 „tu
501 1085 714 1130 minaris.
775 1089 933 1148 Quare
966 1085 1109 1131 adero
1144 1096 1198 1129 ut
1223 1082 1446 1129 mortalis
1473 1079 1734 1127 mortalem

376 1168 703 1222 „violentiam
739 1179 1049 1228 experturus:
1084 1167 1518 1227 inclinationisque
1552 1163 1652 1209 eius
1679 1177 1733 1206 ac

375 1263 622 1312 „potestas
659 1261 731 1296 est
769 1267 914 1311 penes
949 1254 1170 1312 Superos

476 1338 666 1379 XLVII.
703 1363 722 1386 »
735 1338 861 1379 Nam
898 1333 1023 1380 illud
1056 1351 1230 1396 quaeso
1264 1345 1327 1386 te,
1367 1348 1601 1395 quorsum
1625 1341 1730 1375 tan-

374 1430 574 1478 „topere
605 1430 888 1481 congestum
908 1429 992 1470 est,
1032 1419 1135 1462 auri
1175 1429 1223 1463 te
1255 1429 1304 1463 et
1336 1415 1523 1480 argenti
1557 1412 1732 1476 opibus

372 1529 393 1552 »
409 1512 622 1545 aestuare
638 1498 661 1544 ἱ)
686 1506 785 1545 Aut
820 1513 874 1545 ut
910 1502 985 1546 his
1021 1502 1251 1565 cognitis,
1298 1501 1340 1546 si
1372 1497 1522 1545 modo
1560 1511 1730 1542 eorum

371 1613 390 1636 „
404 1600 542 1629 amor
555 1582 695 1628 nobis
717 1596 799 1636 est,
824 1601 907 1644 spe
918 1583 1123 1645 praedae
1138 1583 1430 1630 obstinatius
1442 1593 1490 1628 et
1503 1579 1591 1626 aud
1599 1580 1728 1626 acius

368 1666 782 1721 >dimicaremus?
819 1678 964 1727 atque
999 1667 1115 1711 hino
1162 1666 1248 1712 fiat
1294 1677 1351 1712 ut
1392 1675 1617 1727 superato
1653 1674 1724 1714 te,

367 1750 516 1803 „hinc
541 1749 741 1810 quidem
755 1750 896 1797 nobis
921 1751 971 1795 in
997 1767 1257 1797 commune
1280 1759 1506 1812 quaestus
1528 1759 1575 1792 et
1595 1763 1726 1794 emo·

365 1833 680 1886 „Iumentum
718 1834 954 1880 victoriae
991 1833 1111 1879 fiat?
1159 1834 1290 1879 Mihi
1323 1849 1440 1879 vero
1477 1831 1607 1878 istud
1627 1847 1722 1893 quo

367 1928 504 1970 „tute
540 1917 748 1980 gloriare
784 1918 1008 1965 Persidos
1056 1929 1257 1963 cunctae
1301 1916 1529 1978 orbisque
1573 1914 1724 1960 totius

366 2000 590 2053 „accedet
624 2002 906 2063 imperium.
959 2002 1043 2047 Sin
1079 2000 1171 2045 tibi
1205 2000 1356 2051 [fors]
1400 1999 1602 2052 faverit,
1652 1998 1723 2042 ni-

397 2141 450 2170 (αδ
475 2141 498 2167 C
504 2140 558 2168 od.
582 2142 732 2179 erigunt.

358 2264 401 2289 ut
424 2258 730 2300 symmachianum
752 2271 875 2293 vocem
902 2260 1077 2293 homullus
1101 2262 1275 2306 exemplis
1302 2261 1510 2303 confirmet,
1537 2261 1609 2293 ait:
1644 2261 1718 2293 Aa-

357 2325 466 2357 sopus
493 2317 747 2361 manuscriptus
783 2317 938 2350 ineditus
969 2319 1004 2349 in
1030 2320 1107 2351 vim
1130 2318 1339 2353 Alexandri
1372 2319 1496 2364 magni
1525 2316 1629 2351 „Sub
1659 2318 1717 2349 di-

356 2371 484 2403 »tz'one
507 2372 839 2417 contemptibilium,
872 2383 908 2406 uc
932 2384 1040 2416 retur,
1074 2375 1309 2409 homullm-um
1334 2376 1595 2409 deventurum«.
1629 2374 1715 2406 Erat

356 2435 477 2460 autem
508 2441 527 2461 a
552 2431 671 2462 Iureto
696 2431 858 2464 citandus
890 2444 961 2464 non
980 2433 1140 2477 Aesopus
1167 2433 1227 2467 sed
1255 2435 1299 2467 Ἰ·
1321 2432 1508 2472 Valerius,
1539 2431 1708 2477 quoniam

358 2495 433 2516 non
458 2486 572 2529 graeci
596 2488 810 2532 exemplaris
832 2487 894 2521 sed
921 2488 1054 2521 latinae
1077 2490 1380 2535 interpretationis
1404 2489 1508 2521 verba
1531 2488 1710 2521 laudabat.

417 2536 479 2588 (1)
515 2543 622 2575 Uncis
649 2543 793 2578 includo
819 2556 919 2579 voces
944 2557 1035 2592 quae
1064 2547 1155 2580 mihi
1181 2547 1364 2581 interdum
1387 2545 1569 2580 addendae
1594 2543 1709 2579 tenui

353 2606 451 2629 szffl¹
483 2607 576 2634 suut.
