1752 3116
546 177 898 219 ALEXANDRI
1339 184 1361 217 7
1369 178 1391 216 3

49 306 190 361 gatus
241 295 355 340 iusti
397 294 516 340 belli
563 294 686 339 facie
731 294 832 339 iam
880 307 1017 356 agere
1061 291 1391 338 nuntiabatur.

51 378 144 424 Sed
178 380 345 425 invaso
391 365 588 423 castello
627 377 843 437 potitum
867 374 917 406 (·)
951 374 1125 436 praeda
1162 392 1247 436 per
1283 379 1395 439 Sog-

51 460 244 515 dianos,
299 463 481 507 Phiton
529 472 577 505 et
610 458 915 505 Aristobolus
945 458 999 490 (Ζ)
1045 458 1396 518 cytharoedus,

56 544 141 605 qui
173 561 266 590 una
304 545 462 590 aulico
498 542 772 589 ministerio
809 541 912 587 illic
949 539 1176 605 agebant,
1228 541 1401 604 egressi

56 642 169 671 curn
206 627 448 689 equitibus
485 625 731 689 octoginta
766 625 954 670 naviter
981 625 1093 669 satis
1130 636 1177 670 et
1211 624 1402 687 inpigre

56 708 359 755 incursarent
403 727 522 771 quae
571 707 881 753 ducebantur.
951 711 1074 753 Mox
1118 720 1278 752 tamen
1326 724 1402 751 ex-

59 792 190 854 cepti
218 793 406 840 insidiis
437 811 462 839 a
493 794 763 839 Pistamene
794 791 1014 853 plerique
1039 808 1207 837 eorum
1233 802 1280 835 et
1308 806 1404 834 una

59 875 364 922 Aristobolus
388 878 684 942 oppetivere.
740 877 1033 921 Pistamenes
1065 892 1179 919 vero
1209 885 1321 935 post
1354 872 1406 917 id

59 958 246 1022 fugiens
269 961 562 1006 conscientia
590 960 780 1006 sceleris
808 961 859 1003 in
884 958 1081 1004 desertis
1117 956 1334 1002 caeditur
1357 954 1409 987 (⁵)

64 1047 256 1089 Cratero
287 1044 524 1094 insecuto.
601 1048 709 1105 Ipse
741 1059 937 1105 quoque
969 1059 993 1086 a
1030 1041 1127 1087 suis
1163 1051 1329 1101 captus
1354 1049 1411 1083 ut

62 1137 234 1171 auctor
277 1128 449 1188 culpae
494 1127 732 1190 arguitur,
787 1137 988 1186 tumque
1029 1122 1301 1170 Alexandro
1349 1120 1410 1167 ad

61 1209 360 1270 supplicium
395 1210 538 1255 datur
572 1210 676 1255 iure
708 1209 1008 1270 plectendus.

163 1295 328 1343 XCIX,
375 1293 468 1339 Sed
503 1293 634 1343 enim
668 1293 757 1336 hac
794 1308 906 1336 cura
943 1290 1161 1352 deposita
1194 1288 1341 1334 Indos
1361 1286 1411 1320 (4)
1448 1310 1647 1344 Petramu-

63 1376 191 1421 nihil
225 1375 320 1422 sibi
355 1377 526 1422 noxios
572 1376 790 1421 intentus
824 1375 990 1419 animo
1026 1385 1216 1435 petram
1250 1365 1620 1435 adgre,nitissim÷1.

68 1460 199 1505 ditur
232 1477 283 1505 re
318 1469 367 1506 et
401 1459 602 1504 nomine
637 1458 852 1503 arduam.
914 1456 972 1502 Id
1007 1472 1122 1502 vero
1158 1455 1413 1500 castellum

68 1555 141 1588 est
188 1543 460 1604 praeruptis
511 1541 782 1591 admodum
826 1539 1096 1602 inpositum
1141 1539 1416 1585 inaccessis-

68 1642 159 1686 que
183 1624 246 1657 (a)
283 1624 485 1687 rupibus
513 1625 783 1677 montium,
825 1621 921 1685 quo
952 1621 1087 1683 plebs
1112 1624 1268 1668 multa
1300 1640 1416 1669 con-

67 1721 267 1755 venerat
313 1708 691 1773 Sogdianorum,
738 1708 879 1754 nullo
915 1706 1211 1771 indigentiae
1253 1717 1413 1759 metu,

68 1792 222 1853 copiis
257 1803 368 1838 ante
403 1792 655 1856 congestis.
730 1790 830 1836 Ubi
864 1807 976 1854 ergo
1013 1789 1174 1836 oblata
1210 1789 1303 1835 sibi
1340 1807 1417 1835 ve-

69 1876 151 1921 nia
196 1892 295 1920 non
343 1892 546 1927 cessere,
605 1890 839 1938 magnum
883 1873 1156 1934 praemium
1201 1870 1421 1933 publicat

75 1959 259 2005 ausuris
318 1959 420 2011 eius
466 1958 569 2003 saxi
612 1956 972 2003 inscensionem
1026 1955 1132 2000 auri
1185 1956 1425 2002 talentum

73 2045 258 2105 primo,
295 2053 412 2089 tunc
436 2040 486 2072 (⁵)
519 2041 740 2102 precium
775 2040 1021 2085 secuturis.

119 2174 184 2208 (a)
209 2172 290 2201 cod.
316 2172 455 2201 incassis
479 2180 576 2210 quae,

134 2270 191 2315 (1)
223 2272 362 2316 Nempe
389 2270 436 2304 ad
465 2268 683 2323 potiendzfm.

136 2326 195 2371 (2)
227 2328 332 2372 Apud
367 2327 558 2361 Attianum
582 2328 643 2359 IV.
671 2329 726 2358 16.
757 2334 810 2358 est
840 2325 1074 2359 Aristonicus.

135 2384 193 2429 (ὃ)
227 2385 364 2428 Nempe
393 2384 467 2416 eius
499 2382 685 2416 exercitus.

135 2440 194 2486 (4)
227 2442 365 2485 Nempe
392 2441 428 2472 in
453 2439 571 2472 Indos.
604 2438 751 2473 Omittit
776 2446 896 2472 autem
918 2449 1022 2483 saepe
1046 2438 1326 2484 praepositiones
1346 2438 1425 2473 Au-

81 2505 158 2532 ctor
182 2498 374 2531 Itimrarii.

140 2554 197 2599 (5)
236 2554 334 2589 Tunc
357 2567 420 2599 pro
446 2563 520 2587 tum
538 2551 667 2585 videsis
692 2551 786 2595 apud
812 2552 1065 2593 Symmachum
1089 2561 1180 2585 orat.
1203 2564 1268 2596 pro
1293 2552 1424 2585 Severa
