1752 3116
590 116 849 154 PRAErAno
1361 92 1415 154 11?-

63 223 145 263 mis
178 222 359 263 urbibus
390 237 691 279 persarumque
722 239 869 281 regum
897 222 1174 272 diversoriis,
1206 222 1400 278 direptis,

63 280 284 332 Hyrcanos
324 295 495 335 quoque
533 291 574 320 et
668 282 785 321 rthos
823 291 867 319 et
899 281 1070 319 Bactros
1114 292 1156 318 et
1191 281 1317 319 Arios
1360 291 1401 318 et

64 336 240 376 Mardos
267 347 310 375 et
336 337 567 395 Sogdianos
595 348 638 376 et
658 338 860 390 Scythas,
889 353 1040 395 genera
1063 338 1278 376 hominum
1303 338 1401 376 hor-

65 393 210 433 ribilia
230 409 275 433 ac
297 393 657 450 pertimescenda,
683 393 921 434 Alexander
944 394 1202 450 perdomuit.
1231 393 1402 432 Deinde

64 465 89 490 a
122 450 327 508 rigidiore
359 453 651 507 septentrione
686 453 809 491 armis
841 453 887 490 in
916 451 1134 490 meridiem
1167 451 1403 497 conversis,

63 517 210 564 gentes
249 508 408 548 indicas
441 508 663 566 adgressus
701 519 790 557 est,
847 523 949 563 quas
978 522 1102 547 nemo
1143 521 1403 563 europaeus‚

65 573 234 618 praeter
269 565 473 605 Bacchum
495 576 538 604 et
562 565 812 614 Herculem,
839 581 979 620 neque
1004 564 1262 604 lacessendas
1290 563 1402 601 bello

63 635 205 674 neque
227 621 447 662 tentandas
472 633 721 677 putaverat,
763 621 973 677 brevique
1001 623 1219 678 regionem
1245 619 1405 659 latissi-

67 691 174 716 mam
196 678 324 717 rehus
346 680 478 736 gestis
508 680 598 718 suis
617 679 857 735 complexus
882 689 969 718 est:
1003 689 1044 717 et
1071 679 1223 718 Porum
1247 691 1404 734 regem,

65 734 143 788 qui
173 735 464 793 magnitudine
493 751 582 776 non
606 736 742 775 solum
767 736 896 775 animi
926 751 1071 775 verum
1099 737 1225 774 etiam
1254 747 1405 788 corpo-

66 791 128 829 ris
164 792 274 831 mole
304 793 455 832 ceteris
482 792 732 833 mortalibus
760 793 1006 833 antecellere
1034 791 1258 832 videbatur
1275 819 1287 840 ‚
1318 803 1405 828 uno

63 848 228 902 proelio
251 848 499 908 profligavit
522 860 563 889 et
589 851 726 905 cepit:
758 861 886 905 atque
901 850 1071 890 omnino
1095 848 1274 904 ubique,
1296 861 1407 901 quo·-

62 904 330 960 tiescumque
368 906 419 945 ad
450 922 595 947 manus
631 917 807 948 ventum
836 918 924 957 est,
965 906 1159 962 superior
1193 905 1402 944 discessit.

62 959 152 1000 Iam
174 962 282 1001 illud
307 964 405 1017 quis
429 965 756 1014 satis‘miretun
788 964 905 1020 quod
934 963 987 1003 ob
1018 962 1295 1018 cupiditatem
1317 960 1408 1018 glo-

65 1018 151 1057 riae
187 1020 430 1059 immensam
466 1021 762 1076 infinitamque
798 1024 931 1077 ipsam
972 1021 1116 1060 oceani
1160 1019 1409 1059 vastitatem

63 1073 193 1114 classe
226 1078 438 1127 tentavit,
479 1079 707 1132 missisque
740 1078 956 1118 naz-archis
991 1077 1252 1134 incognitum
1289 1084 1409 1112 antea

65 1146 232 1171 cursum
261 1135 408 1190 peragi
440 1135 586 1174 iussit.
631 1134 817 1174 Tandem
856 1149 907 1173 ex
936 1134 1085 1173 ultima
1116 1132 1239 1171 India
1268 1131 1409 1182 Baby-

64 1187 206 1227 Ionem
231 1189 390 1239 redux,
421 1192 590 1230 comitia
614 1193 804 1231 universi
831 1190 948 1230 orbis
970 1191 1131 1229 ibidem
1160 1189 1408 1235 celebravit,

66 1255 393 1299 cunctarumque
410 1249 602 1303 gentium
619 1246 910 1304 legationibus
928 1245 1124 1283 adoratus
1146 1254 1225 1282 est.
1254 1244 1410 1298 Quam-

67 1315 189 1356 q'uam
217 1301 289 1342 hic
312 1302 479 1341 demum
507 1304 646 1342 omnia
670 1318 722 1341 ex
753 1303 917 1341 laetitia
945 1313 988 1339 et
1013 1302 1228 1356 triumpho
1256 1300 1306 1339 ad
1330 1300 1409 1337 mi-

65 1359 216 1396 seriam
263 1368 305 1396 et
344 1358 473 1398 funus
510 1359 768 1399 reciderunt.
831 1359 941 1396 Nam
980 1358 1052 1397 illa
1093 1357 1409 1396 immortalitate

68 1413 195 1470 digna
214 1415 438 1464 maiestas,
470 1415 539 1455 illa
566 1417 632 1454 vis
658 1417 812 1455 mentis
838 1416 1141 1470 corporisque,
1170 1414 1242 1453 illa
1263 1412 1411 1451 ineffa-

64 1470 167 1509 hilis
190 1471 328 1510 virtus
353 1482 488 1510 morte
514 1472 658 1512 subita
679 1473 807 1512 obiit.
854 1471 981 1526 Quod
1000 1472 1086 1510 nisi
1109 1472 1289 1510 humana
1311 1483 1411 1508 con-

69 1527 164 1566 silia
203 1527 353 1567 divina
390 1543 513 1584 saepe
538 1530 792 1568 necessitate
827 1539 1148 1584 superarentur,
1192 1525 1409 1566 domandis

67 1584 194 1622 etiam
232 1584 464 1624 occidentis
511 1586 764 1642 regionibus
815 1602 891 1626 nec
927 1586 1123 1624 voluntas
1166 1583 1409 1622 Alexandro

65 1654 145 1679 nec
165 1642 280 1681 vires
308 1641 495 1681 deerant.
547 1643 664 1697 Quin
693 1643 796 1682 adeo
823 1645 904 1683 iam
927 1642 1174 1698 Carthagini
1202 1641 1411 1679 infensum

66 1696 172 1736 fama
209 1697 371 1738 ferebat
402 1701 478 1748 (1),
522 1709 677 1754 atque,
720 1710 768 1738 ut
805 1700 1016 1757 eleganter
1048 1699 1218 1753 scripsit
1250 1698 1411 1736 Plutar-

66 1753 168 1792 chus
189 1755 270 1803 (2)‚
307 1768 382 1793 ceu
420 1757 541 1794 stella
572 1755 776 1811 quaedam
802 1756 1041 1795 Alexander
1081 1755 1130 1793 ab
1167 1756 1331 1793 oriente
1366 1753 1412 1790 in

69 1824 258 1849 occasum
280 1812 573 1861 transiliebat,
612 1827 907 1867 armorumque
934 1827 1105 1851 suorum
1131 1810 1340 1867 fulgorem
1367 1809 1412 1846 in

67 1867 233 1906 Italiam
274 1869 405 1921 ipsam
443 1870 705 1923 Romamque
744 1869 939 1908 iaciebat.
1000 1871 1144 1922 Atque
1189 1867 1412 1921 equidem,

71 1933 120 1962 ut
144 1938 222 1981 ego
250 1924 458 1973 arbitror,
493 1926 693 1966 Romanis
724 1927 812 1964 suis
847 1925 1005 1966 frustra
1031 1925 1185 1963 Livius
1221 1923 1412 1962 adulat-„10-

73 1991 138 2019 est
160 1981 210 2014 (ὅ)
225 2009 239 2031 ‚
269 1995 362 2019 cum
386 1997 457 2021 eos
479 1981 530 2020 ab
556 1982 796 2021 Alexandro
818 1982 1041 2022 contendit
1065 1982 1226 2020 victam
1247 1981 1302 2018 iri
1327 1994 1414 2017 non

70 2037 224 2078 videri.
279 2037 364 2090 Qui
402 2040 513 2076 enim
541 2040 622 2077 iam
649 2050 787 2078 aetate
817 2050 859 2078 et
888 2038 1053 2078 viribus
1082 2038 1413 2078 confirmatiores

74 2094 222 2145 Pyrrhi
246 2097 432 2149 epirotae
452 2095 655 2133 tenuibus
682 2097 818 2150 copiis
847 2111 968 2153 aegre
994 2095 1216 2134 admodum
1241 2095 1413 2132 restite-

72 2160 200 2199 runt,
234 2165 317 2205 quo
348 2163 471 2206 pacto
501 2153 707 2192 victorem
736 2152 853 2191 orbis
884 2153 1075 2191 universi
1101 2152 1310 2190 sustinere
1337 2164 1414 2205 po-

71 2207 289 2246 tuissent?
326 2207 512 2260 Pyrrhus
539 2210 676 2262 primo
706 2208 905 2250 conflictu
925 2220 1084 2248 tantam
1112 2217 1293 2264 stragem
1327 2206 1415 2244 edi-

73 2264 136 2303 dit
162 2264 474 2314 Romanorum,
505 2275 553 2303 ut
580 2281 678 2304 mox
707 2279 844 2321 usque
877 2266 927 2305 ad
960 2264 1119 2305 Urbem
1147 2263 1416 2319 populabun-

125 2375 187 2422 (1)
217 2378 359 2411 Curtius
382 2391 418 2413 x.
442 2389 469 2412 1.

126 2432 189 2480 (2)
221 2434 276 2469 De
297 2431 439 2480 fortun.
473 2433 663 2471 Romanor.
690 2436 755 2470 sub
786 2436 907 2470 finem.

128 2490 188 2535 (3)
218 2490 299 2524 Lib.
328 2500 380 2523 xx.
416 2495 553 2523 16-19.
