1732 3121
305 199 384 239 274
676 190 1030 236 ALEXANDRI
1067 191 1272 233 OBITVS

308 321 540 374 „quantas
574 308 746 365 vultis,
782 305 959 369 quibus
978 304 1181 369 singulis
1208 306 1536 369 remuneratio
1560 307 1653 352 erit

308 396 502 451 „minae
535 393 642 442 auri
676 391 887 455 quinque
906 388 1144 451 pretium,
1182 399 1435 451 ceteraque
1454 390 1514 434 ad
1527 391 1652 435 hanc

307 476 748 543 „magnificentiam
783 484 1065 537 congruent.
1112 471 1374 518 Enimvero
1398 472 1519 518 istae
1539 490 1654 535 quas

308 561 583 617 „miseritis‚
602 559 687 606 ubi
707 572 923 604 annuum
938 556 1081 602 nobis
1102 554 1155 613 (α)
1189 553 1476 616 obsequium
1495 572 1655 601 emen-

307 662 416 699 „sae
466 644 588 696 sint,
635 643 687 687 in
737 641 935 704 propria
980 639 1294 685 remittentur
1315 634 1387 692 (ὅ),
1443 638 1520 683 uti
1564 655 1653 700 pro

307 728 469 783 >,hisce
502 724 705 771 vicarias
740 722 1008 773 destinetis.
1064 726 1214 784 Super
1261 723 1336 767 his
1382 721 1555 786 igitur,
1601 731 1657 766 ut

306 809 476 865 „vobis
513 807 829 854 commodum
864 818 960 860 est,
999 806 1316 853 consultante«.

132 906 289 942 Amazo-
402 896 614 940 LXXVI.
662 891 815 956 Igitur
848 894 1120 937 Amazones
1162 900 1325 935 motae
1358 887 1654 934 rescribunt:

104 976 288 1068 ssss'ssusss‘,
310 1007 328 1031 „
345 981 409 1022 Et
443 975 557 1021 dare
591 991 640 1021 se
674 974 776 1039 regi
812 990 960 1036 quam
995 973 1162 1034 cupiat
1194 972 1424 1019 veniendi
1457 971 1658 1017 Faculta-

306 1071 465 1115 ,‚tem‚
512 1056 904 1120 inspiciendique
949 1068 1098 1102 terras
1140 1072 1275 1110 suas,
1324 1068 1372 1108 et
1421 1053 1656 1102 coronare

305 1158 503 1197 „secum
525 1141 574 1173 (ὓ
609 1141 782 1186 annuis
819 1139 1014 1186 talentis
1048 1156 1154 1185 sex:
1192 1139 1477 1203 quingentas
1507 1139 1657 1184 etiam

304 1256 323 1280 ‚‚
339 1225 525 1288 equites
573 1222 832 1270 destinasse
867 1233 1073 1268 armatas
1118 1234 1167 1268 et
1208 1233 1424 1268 strenuas
1472 1231 1528 1266 ut
1570 1238 1656 1283 po-

302 1321 584 1371 ‚‚poscerat‚
622 1324 744 1370 quae
777 1323 865 1369 per
900 1323 1059 1353 annos·
1086 1305 1273 1352 scilicet
1300 1292 1656 1366 permutentur,

302 1392 478 1455 „Quod
513 1392 661 1454 siquis
697 1408 755 1437 ex
789 1391 922 1436 hisce
957 1389 1018 1435 ad
1054 1405 1222 1435 sexum
1258 1404 1401 1434 suum
1434 1389 1654 1441 cesserit,

300 1492 443 1530 „eam
478 1492 527 1520 se
561 1486 726 1536 patere
748 1473 795 1506 (⁶)
842 1472 1027 1519 ibidem
1070 1472 1316 1525 desidere,
1360 1471 1509 1534 inque
1554 1471 1656 1516 eius

302 1559 500 1612 „locum
535 1558 930 1619 supplementum
956 1556 1015 1602 de
1030 1568 1174 1621 gente
1197 1554 1449 1618 postulari.
1464 1553 1658 1618 Quippe

304 1640 664 1696 „Amazonibus
700 1652 886 1686 certum
933 1656 1033 1686 esse
1075 1655 1244 1701 parere
1285 1638 1394 1684 viro
1443 1636 1654 1689 absenti,

305 1725 416 1778 >,cui
452 1724 644 1771 cessisse
678 1723 904 1771 omnium
938 1723 1200 1770 hominum
1246 1737 1420 1787 genera
1463 1719 1656 1766 didicis-

307 1818 488 1862 »sent«,

90 1908 289 1944 Alexandri
404 1895 641 1938 LXXVII.
687 1891 776 1938 His
812 1891 1019 1954 acceptis
1054 1888 1324 1937 Alexander
1357 1889 1451 1936 iter
1482 1888 1534 1935 in
1547 1892 1658 1936 Pra-

72 1965 290 2060 {gzrdliffm’
304 1974 484 2021 siacam
518 1973 634 2021 inde
668 1977 928 2037 pervertit,
975 1991 1097 2038 quae
1131 1973 1331 2038 quidem
1366 1973 1467 2020 eius
1501 1973 1657 2019 multa

222 2047 231 2058 ⁹
303 2058 631 2123 peregrinatio
678 2058 838 2106 labori
875 2059 1145 2106 admodum
1190 2070 1240 2105 et
1281 2057 1487 2120 plurimi
1531 2056 1658 2119 peri-

306 2142 406 2188 culi
441 2141 549 2187 fuit.
596 2145 725 2188 Nam
760 2144 951 2190 aestatis
987 2143 1142 2189 ferme
1176 2143 1276 2188 iam
1298 2139 1463 2187 medio
1487 2154 1655 2202 repen-

302 2225 401 2271 'tini
433 2223 612 2270 imbres
648 2224 825 2273 fluxere
860 2224 979 2272 adeo
1014 2227 1326 2272 vehementes
1362 2235 1506 2287 atque
1541 2238 1656 2269 con-

307 2309 458 2363 tinui,
495 2321 551 2354 ut
584 2326 684 2357 non
719 2311 879 2357 solum
923 2310 995 2357 vis
1041 2309 1366 2355 animantium
1415 2305 1656 2369 deperiret

341 2436 394 2468 (a)
416 2436 496 2466 eod.
521 2433 617 2466 vobis.
656 2434 702 2470 (b)
727 2436 811 2465 cod.
838 2438 1069 2466 remittuntur.
1104 2437 1222 2469 (c)1ta
1253 2434 1328 2464 cod.
1364 2434 1423 2463 Est
1457 2436 1576 2461 nutem
1609 2437 1660 2459 ιι·-

306 2484 476 2513 chaismus
498 2486 592 2522 patio
614 2492 677 2520 pro
697 2487 822 2524 pacior.

364 2577 422 2622 (¹)
456 2577 580 2612 Secum
601 2591 664 2625 pro
686 2592 746 2621 se,
773 2579 824 2613 uti
848 2579 1002 2614 occurrit
1026 2587 1138 2611 recum
1163 2588 1227 2622 pro
1246 2585 1293 2610 u.
