1752 3116
302 169 350 203 72
774 155 1168 198 ITINERARIVM

298 278 428 323 vitae
463 285 683 337 quaestus
719 283 767 319 et
800 269 1066 317 hereditas:
1114 269 1216 315 sola
1259 266 1430 332 sagitta
1464 281 1641 312 venan-

300 360 455 414 tibus,
504 375 645 404 carne
690 357 798 402 altis
841 352 1030 400 abunde
1073 363 1121 398 et
1153 352 1300 404 lacte,
1349 362 1397 396 et
1440 349 1641 395 munitis

299 442 511 506 pellibus
556 441 614 486 ad
650 438 987 486 tolerantiam:
1035 447 1192 482 cetera
1225 451 1315 496 pro
1352 432 1525 495 opibus
1559 434 1646 478 ho-

302 526 498 587 spitales
530 536 577 569 et
611 523 750 584 loqui
786 520 960 567 blanda
995 535 1109 565 cum
1145 515 1376 564 moribus.

135 642 289 676 Pharas-
369 611 533 653 XCVI.
571 605 662 651 Sed
683 607 1024 651 Pharasmenes
1043 618 1236 663 quoque
1257 597 1652 646 Chorasmiorum

68 710 190 733 menes
254 704 288 729 et
305 689 387 737 rex
425 690 605 750 equites
644 687 905 734 adduxerat
938 683 1210 732 Alexandro
1242 682 1537 734 militatum,
1580 682 1653 725 vi·

77 757 284 790 Amazones.

1713 671 1734 700 ἡ

306 777 442 821 cinus
478 771 706 833 scythicis
742 768 1166 819 Unin1amn1is<1>,
1202 768 1251 812 in
1291 781 1405 828 quas
1439 764 1530 810 sibi
1567 765 1654 810 ho·
1718 763 1722 769 ’

307 870 401 904 stes
436 857 645 917 praeiret
691 856 732 900 si
766 853 1041 904 iuberetur,
1100 867 1240 911 supra
1277 851 1407 895 viros
1444 861 1500 894 ut
1535 849 1657 893 sciat

307 940 521 988 martias.
571 937 840 986 Alexander
864 953 978 982 vero
1008 935 1082 981 his
1110 935 1256 981 Indos
1279 944 1568 996 praeoptans
1587 930 1657 985 (a),
1750 901 1752 976 i

310 1040 360 1070 se
388 1024 458 1068 ait
481 1020 638 1067 redire
667 1022 718 1066 in
743 1020 961 1066 Graecias
985 1015 1058 1072 (ὃ),
1095 1031 1151 1064 ut
1181 1019 1309 1064 exim
1336 1017 1524 1079 reliqua
1556 1016 1660 1062 eius

310 1107 432 1153 belli
466 1117 588 1171 agat.
660 1107 822 1151 Oxum
864 1103 1013 1168 igitur
1049 1114 1096 1149 et
1129 1102 1394 1167 Sogdianos
1434 1114 1663 1148 retractat

313 1189 523 1236 turbare.

168 1298 301 1331 Fontes
414 1274 601 1318 XuXII.
637 1267 872 1319 Nuntiati
894 1267 938 1300 (⁰)
973 1266 1043 1313 ibi
1067 1266 1341 1316 Alexandro
1377 1267 1475 1315 duo
1505 1266 1666 1316 fontes

84 1353 300 1389 oleietvini.
316 1355 472 1402 futuri
506 1353 754 1417 praesagio
781 1351 994 1406 suborti,
1041 1352 1235 1398 horrori
1269 1351 1405 1397 Fuere
1439 1368 1555 1414 prae
1589 1351 1671 1397 ad-

320 1438 609 1486 miratione:
648 1451 858 1497 quorum
893 1436 977 1497 qui
1013 1435 1112 1481 olei
1146 1447 1273 1488 erat,
1310 1435 1490 1482 laboris
1525 1449 1670 1498 atque

323 1521 510 1569 sudoris
557 1519 702 1566 index
748 1517 1120 1572 aestimabatur,
1169 1519 1278 1580 quis
1323 1519 1508 1565 mederi
1541 1521 1674 1566 valet

324 1605 447 1653 olivi
481 1615 786 1668 unguentum
801 1601 854 1635 (ἅ)
867 1620 878 1650 :
928 1603 1014 1665 qui
1048 1619 1164 1648 vero
1199 1603 1327 1657 vini,
1365 1604 1590 1650 lasciviae
1625 1615 1675 1650 et

325 1687 545 1735 laeticiae
576 1685 635 1732 de
670 1686 765 1733 Dei
798 1702 1000 1732 munere
1017 1686 1083 1736 (Ξ).
1154 1690 1286 1731 Haec
1323 1687 1503 1749 quippe
1537 1687 1589 1732 in
1625 1686 1678 1733 id

329 1771 658 1817 demonstrata
696 1769 754 1815 de
788 1781 901 1831 post
931 1770 1078 1834 gestis
1114 1769 1324 1816 adsertio
1361 1783 1442 1816 est.

138 1901 314 1936 Pistame-
429 1856 638 1900 XCVIII.
675 1852 900 1898 Dimissis
932 1869 1045 1917 ergo
1078 1854 1161 1916 qui
1188 1854 1457 1916 praesentia
1491 1866 1683 1900 tueren-

100 1971 161 1991 ΜΕ
193 1950 435 2004 oppri-tUI',
494 1935 793 1981 Maracanda
841 1938 944 1998 ipse
994 1936 1207 1985 festinat.
1297 1938 1592 1984 Pistamenes
1634 1937 1684 1971 (3)

100 2016 222 2050 mitur.
335 2019 544 2085 quippe,
591 2018 676 2079 qui
718 2018 830 2064 inde
875 2019 1139 2067 desciverat
1172 2021 1454 2084 Massagetis
1489 2037 1686 2085 congre-

382 2179 434 2210 (α)
462 2175 546 2204 Coa.
579 2179 892 2212 praeoptatumque.
934 2170 978 2205 (b)
1014 2175 1062 2202 lta
1093 2173 1171 2202 cod.
1203 2172 1380 2203 Graecias.
1422 2172 1467 2206 (c)
1492 2171 1577 2201 cod.
1605 2182 1689 2202 nun.

340 2228 426 2258 ez'ato
445 2224 517 2256 sibi.
552 2225 604 2258 (d)
627 2224 709 2252 Cod.
738 2230 918 2262 unguento.

401 2355 462 2403 (1)
492 2357 630 2401 Nempe
656 2353 905 2389 Amazonibus.

404 2414 463 2458 (2)
495 2418 545 2445 ji'n
568 2412 744 2455 xli-gilius
772 2413 921 2445 Aeneid.
948 2414 976 2445 Ῐ.
1003 2417 1079 2446 656.
1122 2412 1285 2447 flfunera
1311 2411 1552 2458 laetitiamque
1578 2411 1658 2445 Dei.

403 2469 462 2515 (ὅ)
493 2470 625 2504 Recole
647 2481 720 2514 cap.
747 2480 939 2503 Lxxxvrt.
964 2482 997 2515 p.
1021 2474 1075 2503 66.
1104 2483 1137 2503 n.
1159 2475 1188 2502 1.
1241 2471 1332 2506 Sane
1358 2469 1528 2505 Arrianus
1555 2479 1609 2501 xv.
1635 2472 1689 2502 16.

348 2527 491 2562 Curtius
520 2537 611 2560 vnr.
639 2532 665 2559 «τ.
692 2527 822 2561 habent
850 2529 1101 2575 Spitamenem.
