1752 3116
359 160 414 202 94
912 163 1154 201 *EDITORIS

362 271 590 310 Pausaniae
639 269 928 311 interfectoris
962 271 1198 326 supplicio:
1229 262 1338 327 post·
1363 286 1470 328 quae
1507 274 1588 312 iam
1625 287 1702 311 rex

361 326 596 367 Alexander
625 328 883 368 Macedones
927 337 1176 382 ceterosque
1207 329 1387 370 Graecos
1422 330 1624 369 concione
1656 330 1703 378 in

362 386 530 424 Persam
560 385 832 433 exstimulat,
863 393 1087 424 veteranos
1114 386 1159 425 in
1190 400 1397 425 armorum
1427 386 1572 426 studio
1605 399 1703 425 con-

362 443 523 490 firmat,
552 443 733 480 militem
754 455 912 480 novum
939 441 1087 480 scribit
1104 470 1117 490 ,
1147 443 1318 499 navigia
1338 441 1544 492 instruit,
1573 456 1703 497 pecu-

361 501 475 538 niam
507 508 548 536 et
579 508 852 537 commeatum
887 497 1083 547 conficit,
1113 508 1204 537 tum
1229 499 1441 539 Thraciam
1469 508 1513 537 et
1539 500 1704 553 aliquot

364 554 596 597 occidentis
620 556 817 612 regiones
840 554 1020 592 victoris
1043 556 1183 609 specie
1203 556 1429 610 percurrit,
1454 564 1497 592 et
1518 554 1705 609 denique

363 612 414 652 ad
435 611 618 662 Libyam
640 622 766 665 atque
783 612 1026 667 Aegyptum
1046 612 1216 650 classem
1238 612 1431 666 appellit.
1473 611 1585 650 Heic
1600 625 1705 650 vero

361 667 457 726 'pars
477 668 683 707 historiae
706 667 974 715 subtexitur,
1017 682 1110 707 meo
1135 667 1303 722 quidem
1324 668 1484 708 iudicio
1514 668 1706 723 pulcher-

363 729 492 773 rima,
523 739 671 779 nempe
699 724 989 781 peregrinatio
1024 723 1075 762 ad
1097 724 1398 774 Hammonem,
1441 735 1485 763 et
1519 738 1708 779 praeser-
1743 755 1747 760 .

362 785 442 823 tim
478 781 595 819 urbis
626 781 906 820 Alexandriae
938 781 1121 830 natales,
1173 795 1278 836 quos
1317 796 1440 821 nemo
1484 782 1708 836 quisquam

364 849 460 879 ante
488 838 646 876 Iulium
668 837 885 878 Valerium
908 851 1050 890 neque
1081 848 1167 877 tam
1195 837 1411 877 recondita
1441 838 1710 885 eruditione,

362 908 503 949 neque
538 894 762 952 diligentia
790 904 932 942 tanta,
961 908 1099 947 neque
1125 895 1217 950 pari
1246 892 1426 934 fortasse
1458 894 1710 949 prolixitate

362 953 523 994 litteris
556 952 890 1008 consignaverat.
953 950 1124 1007 Quippe
1154 961 1197 989 et
1228 951 1392 990 oracula
1413 952 1588 1007 copioso
1624 964 1711 989 car-

364 1011 479 1049 mine
513 1007 652 1058 edita,
701 1017 746 1046 et
779 1006 974 1064 prodigia
1004 1017 1244 1047 nascentem
1277 1007 1423 1046 urbem
1457 1007 1710 1048 auctoritate

365 1066 599 1114 firmantia,
638 1074 680 1103 et
708 1063 888 1102 mirandi
919 1062 1100 1104 aedificii
1136 1065 1425 1113 constructio,
1457 1074 1584 1119 atque
1617 1078 1711 1102 cum

365 1123 462 1162 aliis
494 1121 673 1159 urbibus
705 1121 897 1160 maximis
925 1124 1206 1175 comparatio,
1236 1121 1580 1177 religionumque
1601 1120 1711 1177 Aga-

362 1178 685 1225 thodaemonis‚
726 1177 897 1223 Protei,
939 1176 1239 1232 Serapidisque
1269 1176 1530 1233 descriptio,
1572 1176 1713 1231 plura-

366 1249 451 1290 que
473 1232 682 1272 eiusmodi
696 1231 846 1290 magna
864 1231 1064 1270 lectorem
1081 1243 1171 1272 tum
1190 1234 1410 1288 voluptate
1431 1232 1712 1289 perfundunt,

365 1302 450 1331 tam
474 1291 597 1328 etiam
618 1289 811 1328 doctrina
831 1298 1001 1344 augent.
1034 1288 1264 1347 AegyptiiS
1290 1290 1414 1328 rebus
1441 1290 1639 1346 peractis,
1662 1287 1714 1327 ad

367 1349 480 1400 Tyri
508 1347 671 1386 moenia
699 1345 816 1384 ducit
842 1344 1126 1385 Alexandrum
1148 1347 1369 1396 Valeriu5‚
1411 1361 1536 1401 quam
1565 1345 1715 1385 urbem

366 1415 593 1461 postquam
614 1418 688 1442 rex
712 1417 788 1457 per
810 1402 976 1440 litteras
998 1401 1155 1442 frustra
1174 1404 1356 1452 monuit,
1384 1418 1484 1443 mox
1507 1403 1619 1457 capit
1640 1417 1715 1441 ex-

368 1461 568 1514 cidioque
600 1459 829 1499 subvertit.
880 1458 995 1497 Hinc
1025 1460 1265 1498 luculentae
1300 1470 1342 1497 et
1371 1460 1616 1518 magnificae
1647 1472 1712 1496 se-

370 1527 559 1574 quuntur
597 1517 765 1555 litterae
797 1516 946 1564 Darii,
986 1515 1219 1555 Alexandri
1259 1526 1388 1570 atque
1429 1526 1644 1571 satraparu

370 1589 477 1631 quae
505 1574 720 1628 antiquam
752 1572 865 1611 illam
889 1581 932 1611 et
951 1587 1136 1629 graecam
1168 1572 1382 1612 scribendi
1411 1573 1586 1630 gloriam
1605 1587 1633 1626 q

370 1629 589 1671 dammodo
627 1629 856 1668 suscitant:
897 1638 1090 1668 veterum
1132 1631 1243 1669 enim
1273 1629 1466 1670 Valerius
1498 1628 1712 1668 interdum

369 1699 435 1728 est
465 1687 630 1726 similis.
675 1687 777 1725 Post
796 1695 962 1724 mutuas
985 1687 1311 1741 provocationes
1337 1696 1380 1724 et
1401 1687 1557 1736 minas,
1588 1695 1711 1725 atrox

369 1743 653 1785 Macedonum
668 1744 974 1797 Persarumque
996 1753 1200 1783 certamen
1223 1743 1388 1784 conseri
1411 1757 1584 1783 necesse
1605 1752 1710 1791 erat,

372 1800 488 1857 quod
512 1800 705 1841 Valerius
740 1799 843 1837 satis
873 1800 1083 1854 probabili
1118 1799 1314 1840 facultate
1339 1798 1562 1839 describit.
1614 1798 1712 1838 Pul-

371 1873 443 1898 sus
469 1859 512 1896 in
535 1856 676 1914 fugam
700 1856 858 1894 Darius
881 1855 979 1894 dum
1011 1856 1061 1895 ad
1082 1856 1240 1895 bellum
1273 1855 1589 1895 instaurandum
1615 1856 1713 1894 infi-

369 1916 481 1955 nitas
505 1915 647 1969 copias
671 1913 908 1962 contrahit,
939 1914 1112 1952 interim
1140 1924 1182 1951 et
1207 1913 1300 1969 ipse
1321 1912 1559 1952 Alexander
1587 1913 1712 1961 novis

371 1972 545 2012 auxiliis
574 1970 826 2025 quaerendis
864 1968 1032 2009 deditus
1062 1970 1205 2009 Asiam
1240 1971 1447 2010 minorem
1478 1970 1715 2010 Graeciam-

371 2044 453 2084 que
507 2037 750 2077 concursat,
799 2026 960 2081 Orphei
1012 2027 1231 2066 sudantem
1284 2037 1462 2066 statuam
1510 2027 1712 2076 miratur,

371 2085 527 2126 Achilli
559 2083 609 2122 ad
644 2084 769 2123 Ilium
801 2083 1049 2121 muneribus
1091 2084 1377 2138 versibusque
1407 2082 1531 2122 dictis
1563 2098 1713 2138 paren-

370 2152 434 2182 tat
450 2169 462 2191 ,
495 2151 536 2179 et
557 2139 607 2179 ad
624 2141 864 2180 maeoticam
882 2154 1017 2193 usque
1037 2140 1230 2194 paludem
1262 2155 1370 2179 arma
1389 2138 1614 2179 transfert:
1648 2141 1713 2179 in-

372 2199 512 2253 deque
536 2196 670 2236 redux
695 2197 1008 2254 agrigentinum
1030 2197 1222 2236 Aetoliae
1245 2197 1454 2236 oraculum
1477 2196 1580 2246 adit,
1601 2196 1715 2236 The-

370 2255 445 2296 bas
478 2256 726 2294 resistentes
759 2263 999 2311 expugnat,
1041 2269 1182 2309 neque
1216 2252 1384 2293 auloedi
1419 2252 1551 2292 flebili
1583 2254 1715 2293 canti-

371 2313 466 2353 lena
489 2312 727 2360 cohibetur,
755 2313 980 2365 quominus
1000 2310 1119 2349 urbis
1144 2311 1354 2350 excidium
1379 2311 1522 2367 peragi
1544 2310 1712 2350 iubeat:

374 2383 622 2424 quamquam
641 2367 766 2423 paulo
800 2377 900 2422 post
927 2367 1099 2407 thebani
1124 2368 1304 2407 athletae
1330 2368 1511 2416 merito,
1541 2369 1614 2422 qui
1646 2367 1714 2406 lu-

374 2426 439 2465 dis
457 2425 727 2466 Corinthiacis
751 2435 965 2480 spectante
991 2425 1227 2465 Alexandro
1250 2426 1434 2472 vicerat,
1475 2423 1622 2463 urbem
1643 2438 1711 2463 re-

375 2483 498 2522 stitui
530 2481 877 2536 frequentarique
904 2482 1132 2536 permittit.
1186 2482 1328 2536 Atque
1352 2482 1553 2520 hactenus
1579 2481 1707 2536 primi

372 2540 474 2579 libri
503 2548 728 2580 contextus
751 2540 954 2579 excurrit.
