1732 3121
530 125 634 164 SEV
661 125 835 165 LIBER
863 123 939 163 ΙΙΙ.
1326 125 1403 161 2ὅό

149 239 265 280 LXI.
310 243 366 281 Et
390 255 482 280 cum
497 242 617 282 dicto
638 240 964 293 adprehendens
980 241 1025 279 in
1049 235 1407 291 pae1zz'ta<a)per-

67 317 211 361 ducit,
240 316 421 368 olimque
444 316 666 366 provisam
687 310 732 345 (ὃ)
757 315 989 366 imaginem
1009 315 1218 355 ostendit.
1258 317 1407 365 Agno-

65 389 228 435 scisne,
269 389 353 434 ait,
383 386 630 428 Alexandri
658 389 778 427 illius
810 403 935 442 quam
957 389 1134 427 mentiri
1169 401 1251 426 non
1284 395 1405 436 potes

0 467 2 481 ³
58 454 264 517 faciem?
299 460 387 499 Sed
406 462 609 512 quidnam
634 462 899 500 intremuisti
920 471 1008 499 tam
1023 460 1219 510 trepide,
1245 461 1407 512 quidve

65 532 260 573 turbaris
287 546 341 571 ex
360 529 519 571 vultu?
566 533 666 572 Non
701 533 776 573 ille
812 543 860 572 tu
887 535 1110 572 Persarum
1145 541 1301 583 potens
1335 533 1406 571 es?

65 621 151 648 non
184 607 342 646 Indiae
380 603 611 644 dominus?
652 620 734 645 non
768 607 844 659 qui
880 608 964 645 iam
1004 607 1210 645 orientem
1248 617 1406 643 omnem

64 679 318 731 trophaeum
340 686 459 718 tuum
473 673 660 733 seceris,
691 679 869 718 Parthis
894 688 935 718 et
954 681 1097 718 Medis
1118 680 1374 728 imperitans
1388 678 1407 716 ?

62 758 135 795 An
158 767 260 793 vero
281 761 324 792 te
345 752 478 804 pudet
498 752 591 791 sine
619 753 793 792 militia
807 753 876 792 vel
898 753 1177 803 expeditione
1202 752 1246 789 in
1260 764 1407 789 manus

53 820 258 882 feminae
288 826 534 866 devenisse?
579 825 726 884 Quare
746 827 890 866 conice
914 839 1069 880 quaeso
1095 825 1201 877 quid
1222 834 1264 864 te
1285 825 1409 863 iuva-

64 901 127 938 rit
152 908 229 938 tua
264 898 346 938 illa
369 893 553 953 famosa
585 900 851 950 prudentia,
892 913 981 937 cum
1024 912 1132 937 nunc
1169 898 1408 937 Candacem

59 973 130 1011 tui
142 969 201 1010 ,(c)
233 971 401 1010 videris
431 971 734 1014 sollertiorem,
800 972 931 1033 Quod
951 973 1091 1023 igitur
1127 971 1207 1010 huc
1245 973 1409 1010 attinet

60 1045 362 1102 arrogantiam
387 1044 546 1083 nimiae
566 1045 830 1095 prudentiae
856 1047 943 1083 iam
970 1046 1195 1094 deponito.

143 1116 282 1157 LXII.
330 1119 453 1157 Haec
483 1116 564 1155 illa
589 1118 783 1163 dicente,
816 1132 890 1157 nec
915 1118 1058 1157 cultui
1088 1127 1282 1158 constare
1312 1117 1410 1156 Ale-

59 1191 257 1237 xander,
286 1192 391 1245 quin
420 1190 552 1229 etiam
577 1184 829 1245 infrendere
854 1190 1054 1229 dentibus
1075 1190 1323 1230 videbatur.
1348 1190 1411 1227 Et

57 1267 210 1316 regina
245 1263 506 1303 subridens:
551 1263 673 1324 Quid
708 1272 751 1302 te
794 1265 937 1313 iuvat,
979 1265 1152 1316 iuquit,
1196 1263 1298 1301 haec
1330 1272 1409 1301 tua

58 1338 202 1376 tacita
240 1337 495 1388 indignatio
533 1338 594 1374 sic
626 1338 885 1376 saevientem
917 1337 979 1376 cel
1012 1338 1053 1375 si
1085 1337 1261 1375 mavelis
1294 1337 1409 1374 insa-

57 1413 240 1450 nientem
255 1406 274 1445 ἓ
332 1410 408 1450 Ad
429 1409 531 1448 haec
555 1409 654 1448 ille:
691 1410 788 1449 Una
814 1410 934 1460 mihi,
959 1425 1056 1448 nam
1078 1423 1179 1448 sane
1195 1407 1409 1465 profiten-

55 1484 157 1522 dum
183 1492 272 1528 est,
306 1486 400 1529 ait,
431 1483 495 1523 vel
520 1485 708 1523 maxima
731 1484 1009 1534 indignatio,
1041 1483 1159 1535 quod
1193 1482 1295 1521 milli
1313 1482 1408 1533 gla-

55 1557 153 1596 dius
182 1570 295 1595 meus
318 1555 400 1594 huc
425 1569 561 1595 comes
589 1569 672 1594 non
697 1557 771 1595 sit.
828 1557 891 1595 Et
913 1557 1082 1595 cuinam
1114 1556 1226 1602 usui,
1253 1556 1408 1606 regina

57 1629 311 1680 respondit,
364 1629 559 1680 gladium
600 1629 685 1668 tibi
722 1644 834 1669 nunc
873 1630 1154 1683 requisisses?
1213 1633 1277 1669 At
1309 1627 1406 1678 ille,

59 1703 189 1765 Quod
209 1703 320 1741 enim
341 1703 388 1741 in
409 1701 699 1741 huiuscemodi
722 1711 914 1753 tempore
947 1711 1078 1754 atque
1102 1702 1222 1740 rebus
1257 1701 1406 1752 regale

54 1775 288 1814 admodum
311 1789 458 1814 munus
478 1770 614 1830 foret
643 1770 888 1830 interfecta
910 1783 954 1814 te
974 1777 1168 1814 comitem
1194 1789 1255 1813 me
1284 1788 1408 1825 prae-

55 1850 208 1888 missae
253 1849 387 1888 morti
423 1849 727 1898 praestitisse,
772 1848 935 1902 nequid
977 1847 1040 1886 sit
1066 1843 1254 1904 foedius
1291 1848 1407 1901 quod

52 1922 320 1973 praeteritas
342 1932 515 1960 nostras
539 1921 709 1972 glorias
733 1920 1062 1961 obumbraverit.
1122 1922 1315 1971 Accipio,
1340 1921 1405 1958 in-

56 1997 153 2047 quit
183 1994 407 2046 Candace,
435 1988 746 2049 professionem
763 1996 942 2046 dignam
966 1995 1055 2033 viro
1078 2001 1119 2032 et
1143 1996 1283 2033 animo
1303 2007 1405 2033 sane

28 2068 222 2120 ‘regali.·
252 2068 329 2107 sed
351 2077 506 2107 metum
538 2067 646 2106 lcum:
679 2067 847 2106 abicias
875 2067 1023 2116 velim,
1054 2075 1096 2105 et
1135 2067 1404 2118 magnitudi-

55 2155 148 2180 nem
171 2142 351 2192 gratiae
379 2150 482 2180 tuae
509 2139 789 2196 beneficiique
811 2140 1087 2180 considerans
1121 2140 1302 2191 dignam
1335 2141 1403 2179 vi-

53 2214 354 2252 cissitudinem
374 2227 516 2264 spera.
577 2214 708 2278 Quod
730 2215 843 2253 enim
856 2213 963 2269 filio
992 2213 1210 2254 Candanli
1232 2228 1321 2254 meo
1354 2215 1402 2253 in

50 2283 359 2338 Bebryciorum
388 2287 554 2327 ultione
592 2289 890 2338 praestitisti,
929 2287 978 2327 id
1011 2287 1098 2327 tibi
1131 2303 1210 2340 ego
1245 2289 1291 2327 in
1322 2296 1401 2326 tua

50 2358 191 2397 salute
215 2359 477 2408 praestabo,
507 2369 638 2413 atque
672 2361 794 2412 apud
829 2361 1016 2412 gentiles
1044 2359 1249 2400 barbaros
1287 2373 1400 2400 meos

84 2478 136 2509 (a)
163 2476 245 2506 Cod.
267 2478 417 2514 poenica.
452 2478 495 2506 Et
532 2476 768 2514 diphthongu·
801 2479 940 2515 quidem
975 2487 1017 2507 ae
1047 2480 1171 2509 merito
1206 2481 1395 2508 retinetur-

47 2523 93 2559 (b)
119 2526 200 2555 eod.
223 2528 406 2564 pervisum.
454 2528 497 2560 (c)
524 2529 572 2557 lta
595 2525 671 2556 cod.
696 2530 759 2557 tui.
