1752 3116
545 187 648 228 SEV
670 188 843 231 LIBER
865 187 919 228 11.
1327 188 1405 227 213

65 309 120 344 ut
154 298 262 345 illis
289 299 509 348 officium
542 303 639 348 tale
685 319 787 350 non
821 301 1193 367 dedignantibus
1244 303 1402 358 fieret,

63 382 250 443 primus
285 384 389 445 ipse
423 402 545 432 onus
579 385 746 432 feretri
788 384 953 431 subiit.
1007 389 1115 447 Quo
1151 387 1255 433 viso
1291 403 1405 433 cun-

60 466 127 510 cti
176 482 369 528 quoque
411 468 539 513 illud
581 480 637 514 ut
697 468 827 529 privi
872 467 1144 514 maximum
1187 471 1405 516 testimo-

55 547 198 593 nium
253 551 590 613 conpetebant.
669 551 881 597 Infertur
934 552 1083 615 igitur
1137 553 1406 614 sepulchris

56 632 302 678 maiorum
333 634 560 680 omnium
603 646 712 679 tum
758 634 1060 680 Darius:·'ac
1104 636 1251 697 paulo
1296 647 1408 696 post

56 713 195 760 aedes
238 716 334 777 ipsi
382 718 722 779 templumque
768 717 1095 763 construitur:
1142 730 1192 764 et
1222 719 1277 751 (a)
1327 718 1406 763 lex

57 796 126 842 dii
169 799 492 863 religiosaque
536 799 850 861 solempnitas
901 799 1046 845 datur
1075 817 1228 846 ⁴more
1271 818 1406 862 prae-

54 882 235 943 scripto
277 883 353 928 uti
387 882 486 930 dies
532 884 618 930 ille
659 900 844 930 annuus
892 883 1047 929 Persis
1089 883 1406 929 celebratissi-

54 981 160 1010 mus
197 964 355 1019 fieret,
402 983 501 1012 non
546 967 691 1012 sacris
736 967 886 1013 modo
932 979 981 1011 et
1023 966 1216 1011 laeticia
1249 967 1406 1012 homi-

52 1064 268 1111 numque
302 1061 597 1114 congregatu
621 1046 692 1102 Ψ),
728 1066 899 1095 verum
934 1049 1220 1111 spectaculis
1258 1050 1406 1094 etiam

41 1134 194 1193 'atque
231 1136 515 1187 certamine,
552 1144 662 1178 turn
697 1132 758 1178 ad
791 1132 1099 1179 dulcedinem
1122 1134 1313 1178 aurium
1332 1149 1406 1178 so-

51 1214 155 1260 litis
184 1218 435 1277 procurari
469 1229 576 1262 tum
600 1216 659 1261 acl
687 1217 1023 1263 delectationis
1048 1217 1094 1250 (ο)
1132 1217 1403 1264 oculorum.

49 1302 180 1344 Nam
227 1311 277 1345 et
322 1299 610 1346 fortitudine
657 1298 1010 1345 decertantibus
1058 1313 1105 1346 et
1152 1300 1406 1360 voluptate

52 1399 136 1428 sua
173 1383 350 1444 cuique
382 1384 596 1445 praemia
634 1396 681 1429 et
716 1385 925 1430 honores
961 1400 1147 1429 annuos
1183 1383 1369 1428 statuit.

151 1469 411 1512 XXXVIII.
457 1471 667 1529 Postque
700 1468 840 1522 haec,
879 1466 1011 1528 quod
1047 1483 1104 1511 ex
1132 1466 1322 1510 incerto
1336 1482 1407 1510 re·
1445 1473 1607 1508 Alexan-

47 1549 154 1612 giae
187 1549 493 1595 incitationis
529 1550 672 1596 multi
721 1550 920 1595 victoris
967 1550 1189 1593 animum
1235 1547 1406 1592 forml-

1374 1548 1382 1556 ·
1426 1532 1480 1564 dri
1533 1527 1610 1561 edi-

1424 1597 1520 1622 CtUm

50 1632 243 1689 darent,
281 1650 436 1695 eoque
469 1634 601 1698 vagis
637 1631 904 1679 terroribus
941 1633 1238 1696 agitarentur
1259 1665 1271 1684 ,
1309 1646 1404 1691 quo
1424 1642 1613 1689 imperium

50 1728 342 1762 cunctorum
397 1716 587 1762 animos
640 1717 891 1769 deliniret,
955 1715 1104 1761 edicit
1157 1715 1208 1758 in
1258 1712 1403 1758 verba

50 1815 263 1859 quorum
318 1799 557 1844 sententia
612 1801 730 1845 haec
777 1799 887 1845 fuit.
956 1803 1087 1850 „Rex
1131 1796 1403 1843 Alexander

44 1882 368 1935 „Hammonis
405 1894 453 1927 et
488 1873 793 1945 Olympiadis
828 1882 955 1929 filius
992 1880 1145 1941 Persis
1166 1879 1296 1924 dicit.
1333 1884 1402 1925 Ea

45 1965 272 2026 „quidem
309 1981 429 2027 quae
461 1966 724 2014 iure'belli
747 1977 986 2013 transacta
1021 1976 1158 2017 sunt,
1201 1963 1398 2009 nullum

45 2047 298 2109 „profecto
333 2048 631 2110 sapientium
664 2063 784 2114 puto
819 2051 994 2113 procul
1029 2048 1206 2094 merito
1228 2044 1281 2078 (d)
1311 2063 1398 2108 pu-

45 2142 308 2183 „taturum.
352 2134 549 2179 Etenim
586 2135 677 2180 ista
712 2136 950 2181 sententia
995 2144 1089 2186 est,
1140 2148 1286 2194 quarn
1319 2147 1396 2176 ex-

43 2215 214 2275 „sequi
248 2215 540 2263 mortalibus
583 2219 645 2264 sit
678 2235 882 2264 necesse.
940 2221 1096 2279 Quare
1142 2233 1284 2277 super
1320 2215 1395 2259 his

42 2328 62 2351 >,
79 2297 277 2358 quidem
311 2297 467 2345 habeo
509 2301 684 2364 gratias
728 2299 1019 2346 favisoribus
1054 2301 1192 2346 meis.
1246 2300 1392 2344 Enim

41 2392 205 2433 „nunc
252 2382 487 2444 quoniam
534 2400 622 2430 vos
667 2400 864 2446 quoque
910 2395 1074 2430 nostra
1131 2399 1240 2428 cura
1292 2398 1393 2427 esse

73 2542 126 2574 (a)
151 2540 234 2569 eod.
259 2547 306 2569 ut.
342 2538 387 2574 (b)
411 2540 493 2569 God.
517 2547 750 2580 congregatus.
799 2542 844 2576 (c)
868 2545 915 2573 lta
938 2542 1012 2572 cod.
1040 2552 1102 2579 pro
1127 2523 1385 2569 *Lidaeaw'maec-

40 2590 93 2618 ld)
117 2590 198 2620 cod.
219 2590 338 2624 procul
356 2592 553 2625 paemen-uo.

1423 1700 1600 1735 constitu-

1423 1758 1566 1791 endum.
