1752 3116
560 184 664 225 SEV
693 184 869 226 LIBER
896 184 932 224 I.
1344 189 1419 223 165

71 299 203 362 quod
239 300 291 345 in
326 300 419 346 hoc
455 298 680 346 fortunae
715 299 881 346 favore
918 314 976 345 ex
1011 314 1165 360 aequo
1209 314 1321 345 suae
1355 309 1422 344 at·

70 401 163 446 que
199 383 425 429 adversae
470 384 618 444 partis
666 385 780 429 iniit
823 385 1090 435 rationem,
1141 399 1241 427 non
1287 398 1420 427 secus

68 467 256 513 scilicet
290 465 509 529 probatis
545 467 765 512 hostium
800 465 1078 513 navioribus
1103 465 1189 526 qui
1223 482 1312 526 pro
1339 482 1421 526 pa-

69 551 162 596 tria
210 550 406 597 fortiter
451 550 776 612 oppetissent‚
837 567 981 614 quam
1025 550 1173 611 siquis
1221 566 1422 598 suorum

69 645 293 679 strenuus
328 633 580 680 extitisset.
628 639 836 680 Cunctos
859 617 1032 697 igitur,
1068 650 1187 694 quos
1209 634 1257 677 in
1285 631 1421 678 bello

69 707 428 763 nobilitaverat*
473 717 682 762 militiae
738 717 1125 778 experimentum
1184 728 1233 761 et
1289 731 1423 761 mors

67 799 281 861 inclytos
316 800 519 854 fecerat,
556 798 742 861 inquiri
784 812 1048 861 prostratos
1086 813 1133 846 et
1167 799 1426 865 magnifice

72 885 269 946 sepeliri
311 897 359 931 et
401 883 668 947 sepulchris
721 884 955 930 honorari
1001 884 1147 930 iubet.
1209 890 1426 930 Matrem

74 985 191 1014 vero
227 969 366 1015 Darii
402 985 498 1014 una
534 984 649 1012 cum
685 983 836 1025 uxore
873 966 1161 1030 filiabusque
1195 963 1329 1014 cultu
1356 985 1428 1013 re-

73 1052 154 1114 gio
190 1051 598 1115 prosequebatur:
644 1066 698 1095 ac
741 1051 869 1112 siqui
903 1063 1149 1113 praeterea
1184 1053 1235 1097 in
1269 1064 1430 1114 potes-

74 1145 225 1180 tatem
260 1136 480 1181 hostiurn
516 1134 824 1182 devenissent
867 1134 1065 1182 fortuna
1110 1137 1314 1198 pristina
1359 1134 1431 1179 di-

77 1218 388 1281 gnabatur-<“)
422 1220 686 1265 Enimvero
717 1218 943 1265 cecidisse
960 1231 1077 1266 tunc
1101 1218 1430 1265 Macedonum

78 1303 192 1348 satis
227 1314 418 1348 constat
450 1302 675 1364 peditum
695 1302 893 1364 quidem
928 1304 1275 1368 septingentos,
1302 1302 1434 1363 equi-

79 1397 190 1431 tum
223 1403 372 1448 porro
410 1398 610 1432 centum
647 1399 695 1432 et
729 1387 1003 1451 sexaginta,
1040 1386 1122 1432 sed
1157 1387 1436 1432 vulnerato-

78 1486 188 1515 rum
223 1485 487 1515 numerum
509 1466 554 1502 (b)
590 1470 640 1514 in
677 1470 867 1516 duobus
888 1472 932 1502 (⁰)
969 1470 1172 1516 milibus
1210 1470 1438 1515 extitisse.

82 1558 259 1600 Contra
296 1557 553 1599 Persarum
590 1553 855 1600 desiderata
906 1553 1104 1615 quidem
1148 1566 1346 1599 centum
1394 1561 1442 1598 et

82 1637 262 1701 viginti
297 1637 466 1683 milia:
512 1638 717 1700 praedae
753 1650 942 1692 autem,
988 1655 1079 1683 una
1119 1637 1327 1683 servitiis
1362 1652 1444 1698 pe-

85 1719 284 1779 cuisque
319 1720 399 1764 vel
436 1738 557 1782 quae
592 1722 863 1780 vehebant,
899 1723 1105 1785 pecunia
1141 1721 1238 1765 fuit
1261 1721 1443 1765 talenta

87 1811 295 1861 quatuor
328 1803 482 1849 milia.

190 1888 314 1930 LVI.
359 1884 450 1930 Sed
498 1887 674 1932 Darius
717 1886 831 1951 fuga
880 1904 964 1932 rev
968 1905 1097 1934 ersus
1149 1888 1295 1951 longe
1341 1901 1447 1930 auc·
1483 1879 1670 1913 Bellired-

89 1969 218 2014 tiore
253 1985 460 2015 numero
496 1983 772 2024 contracto,
819 1971 869 2014 in
903 1970 1232 2017 Alexandrum
1276 1970 1447 2016 molie-
1466 1936 1671 2039 ZZZ-31:³1

93 2051 257 2107 batur,
295 2055 492 2115 suisque
526 2053 742 2115 undique
777 2056 1060 2108 convenire,
1113 2056 1165 2100 in
1212 2064 1451 2117 quantum

93 2153 266 2182 manus
311 2127 490 2182 arr'nari
537 2136 858 2199 pot11erat(d>‚
898 2138 1051 2185 iubet,
1120 2138 1176 2183 Id
1220 2135 1452 2184 auten1(⁶)

97 2221 386 2281 conperiens
421 2221 693 2267 Alexander
728 2240 785 2267 ex
805 2223 938 2268 hisce
960 2221 1350 2284 exploratoribus
1372 2219 1456 2281 qui

101 2301 154 2347 in
184 2302 429 2349 ditionem
465 2304 799 2352 Macedonum
836 2305 1165 2359 devenissent,
1199 2306 1462 2366 omniaque

105 2386 191 2431 illa
221 2385 361 2431 Darii
397 2388 536 2430 milia
571 2389 707 2434 iuxta
744 2392 1024 2452 Euphraten
1047 2401 1199 2434 castra
1221 2389 1434 2448 posuisse
1446 2401 1461 2438 3

151 2526 201 2558 (a)
227 2524 312 2553 eod.
347 2522 597 2564 dignabantur.
637 2524 684 2559 (b)
718 2526 800 2554 cod.
837 2525 1020 2559 hominum.
1059 2528 1105 2561 (c)
1139 2526 1224 2555 Cod.
1259 2529 1294 2557 in
1323 2522 1466 2555 duabus.

109 2573 163 2609 (d)
181 2577 242 2604 'lta
270 2573 347 2604 cod.
370 2581 543 2613 potuerat·
579 2578 624 2610 (e)
647 2576 733 2605 cod·
756 2582 885 2604 tamen.

1103 2610 1207 2659 11*
