1752 3116
122 1840 201 1875 Pori
215 1851 318 1875 exer-

105 1914 119 1929 ‹·
127 1899 132 1924 ἶ
140 1909 147 1930 f
156 1910 206 1933 115.

338 134 417 170 226
474 100 477 102 ’
710 129 1065 172 ALEXANDRI
1094 132 1297 174 omrvs

336 259 424 298 „ne
459 241 635 289 frustra
685 244 947 291 laboretur.
1005 244 1188 308 Quibus
1233 247 1463 295 omnibus
1512 248 1677 301 doceS‚

335 325 497 388 „quod
529 343 616 373 nos
651 343 842 390 quoque
877 329 1079 374 alacrius
1123 328 1183 374 ad
1212 341 1311 376 ‘vos
1356 330 1553 377 tendere
1605 331 1683 376 de-

335 409 750 473 ‚‚bearnus,¹‹unde
784 411 925 458 nobis
960 413 1078 458 haec
1100 423 1270 458 cuncta
1308 430 1428 475 quae
1452 413 1571 460 adeo
1597 431 1684 460 vos

335 494 650 555 >‚praedicatis
687 495 986 541 accesserint.
1034 499 1206 540 Fateor
1252 498 1386 542 enim
1421 497 1549 542 nihil
1584 513 1683 542 esse

335 579 554 630 „Graecis
601 578 837 625 eiusmodi
889 594 1095 639 quorum
1145 593 1232 623 vos
1279 577 1465 625 divitiis
1506 579 1688 643 ‘gloria-

333 661 514 712 „mini‚
551 672 691 722 atque
725 661 906 728 idcirco
942 661 1212 726 indigentes
1248 661 1517 708 meliorum
1554 679 1579 707 a
1601 679 1684 708 vo·

333 775 352 797 „
365 742 438 788 bis
474 755 637 804 petere
672 745 948 790 necessaria.

434 829 559 873 VIII.
605 826 764 878 „Illud
798 844 914 873 vero
950 825 1243 880 ridiculum,
1280 838 1333 871 ut
1368 843 1481 872 cum
1515 838 1563 872 te
1601 827 1688 872 ho-

333 908 604 963 „munculis
639 909 901 969 praeferas,
939 922 1047 957 turn
1082 910 1189 956 Diis
1215 925 1409 970 quoque
1443 910 1689 970 potiorem

333 1023 352 1046 »
366 1009 464 1039 esse
499 993 816 1053 pronunties:
855 993 986 1055 quod
1019 994 1072 1038 ni
1115 992 1299 1038 adesset
1347 992 1523 1037 litteris
1561 993 1687 1045 tuis,

334 1108 353 1130 »
366 1078 418 1122 in
452 1076 652 1137 reliquis
688 1074 865 1121 fiducia
900 1075 1208 1122 fortitudinis
1239 1075 1337 1121 dici
1362 1086 1536 1136 posset.
1561 1080 1689 1137 Quo·

335 1161 503 1214 „niam
549 1175 667 1206 vero
726 1159 858 1203 hisce
902 1174 1002 1204 non
1049 1170 1289 1219 temperas
1312 1159 1391 1211 (α),
1438 1157 1686 1203 temeritas

336 1244 536 1304 „utique
574 1254 644 1288 est
679 1232 1009 1304 intelligenda.
1070 1246 1228 1304 Quare
1268 1241 1413 1288 sicuti
1450 1240 1541 1286 tibi
1577 1257 1689 1286 con-

335 1326 594 1381 „stantiam
647 1323 787 1388 fingit
820 1327 905 1371 ille
951 1337 1287 1387 contemptus,
1341 1326 1476 1371 velut
1523 1341 1690 1371 earum

334 1409 556 1462 „fortuna
594 1409 813 1472 gentium
865 1411 1073 1455 minime
1117 1425 1365 1462 moveare,
1413 1424 1534 1470 quae
1578 1419 1690 1454 sunt

335 1509 389 1546 „a
429 1491 570 1537 nobis
606 1491 739 1537 bello
776 1506 1051 1555 superatae,
1102 1494 1171 1538 ita
1205 1508 1295 1537 nos
1332 1507 1527 1552 quoque
1563 1492 1689 1536 nihi-

335 1576 471 1628 „lum
507 1575 711 1620 omnino
752 1576 950 1622 terrebit
983 1576 1246 1622 verborum
1268 1575 1357 1619 ista
1380 1573 1691 1638 magnificen-

337 1659 460 1712 „tia‚
498 1675 620 1719 quae
654 1659 944 1704 temeritatiS
989 1671 1175 1705 vestrae
1219 1655 1365 1702 index
1413 1658 1577 1718 potius
1619 1669 1693 1705 est

337 1772 355 1796 »
371 1760 517 1804 quam
552 1742 859 1789 fortitudinis
876 1753 910 1786 «.

435 1829 517 1870 IX.
563 1826 651 1871 His
687 1826 820 1871 lectis
857 1828 1006 1871 Porus
1051 1822 1110 1869 ad
1152 1823 1272 1870 belli
1315 1823 1473 1872 studia
1518 1824 1692 1870 incita-

335 1909 494 1956 batur.
545 1910 684 1973 Cogit
728 1925 842 1973 ergo
892 1908 1160 1955 exercitum
1202 1919 1252 1954 et
1302 1908 1689 1970 quamplurimos

336 1993 619 2053 elephantos
670 2004 925 2055 ceteraque
985 2008 1156 2057 genera
1204 1990 1469 2038 bestiarum
1516 1991 1691 2054 quibus

332 2074 444 2120 Indi
479 2075 792 2121 conmilitant
815 2075 893 2129 (²),
942 2088 1208 2135 contraque
1241 2091 1323 2122 eos
1358 2075 1690 2121 Macedonum

332 2170 382 2204 et
416 2161 673 2204 Persarum
708 2158 872 2204 aderat
917 2156 1205 2207 multitudo.
1260 2158 1527 2204 Enimvero
1574 2173 1689 2204 cum

334 2241 448 2287 illos
483 2241 598 2286 Pori
632 2257 860 2288 numeros
883 2239 1173 2287 Macedones
1200 2240 1503 2286 intuerentur
1523 2256 1620 2286 una
1643 2236 1691 2274 (ὅ)

380 2362 430 2393 (a)
459 2360 542 2389 Cod.
569 2367 750 2399 temperat.
790 2358 836 2393 (b)
863 2360 945 2389 Cod.
973 2368 1118 2399 unaque.

822 2415 975 2422 ...—..-....

392 2449 455 2499 (1)
491 2454 602 2486 Canes
630 2454 777 2500 quidem
802 2453 941 2486 indicos
958 2452 1081 2486 solitos
1102 2451 1245 2498 agmina
1267 2450 1432 2485 comitari
1456 2450 1544 2484 dicit
1569 2450 1686 2483 Hero·
1734 2446 1742 2450 ”

334 2510 437 2542 dotus
469 2519 541 2544 vn.
572 2514 647 2543 137.
