1732 3121
144 1066 185 1100 N
185 1066 293 1101 ivium

79 1124 194 1170 eopia.

90 1800 234 1834 Praeda
246 1800 301 1834 in-

89 1870 188 1905 gens.

301 207 382 250 246
669 201 1022 246 ALEXANDRI
1052 202 1253 242 OBITVS

299 320 406 360 »cui
430 318 739 359 consuleremus
751 346 768 365 ‚
798 318 904 358 talis
920 315 1044 356 nobis
1067 315 1254 357 obicitur
1268 314 1520 356 admiratio.
1539 314 1642 355 Pri-

299 406 446 432 >›mum
470 390 643 445 quidem
663 392 782 432 venti
802 391 994 442 spiritus
1015 389 1237 431 vehemens
1265 397 1308 429 et
1336 390 1525 439 procella
1536 390 1646 428 adeo

299 475 472 517 »snpra
505 473 748 505 consuetam
792 464 1135 516 magnitudinem
1175 476 1318 514 rapax
1351 470 1453 502 orta
1471 459 1525 491 (a)
1555 471 1647 511 est,

299 552 325 578 »
339 548 389 580 ut
415 552 497 578 non
524 538 721 577 tentoria
745 537 871 576 modo
892 537 1004 576 satis
1010 535 1211 593 firmiter
1227 535 1334 592 fixa
1360 524 1620 575 convelleret
1633 574 1650 596 9

301 626 480 654 »verum
503 611 691 652 homines
711 624 875 664 quoque
896 618 1066 649 stantes
1086 609 1425 661 gradientesque
1457 615 1652 659 proster-

301 694 486 726 >›neret.·
519 684 608 723 nisi
632 685 749 737 quod
772 690 1060 734 properanter
1087 682 1272 722 sarcinis
1291 682 1464 722 strictis
1493 680 1556 720 ad
1587 689 1653 720 tu-

301 759 460 798 »tiora
489 757 652 809 oppidi
677 769 989 797 concursamus.
1048 755 1280 795 Enimvero
1307 755 1410 794 dum
1443 755 1533 794 ista
1567 767 1655 794 mo·

302 832 495 879 »limum
523 831 638 870 coire
659 829 786 869 nubes
817 837 861 868 et
887 830 934 868 in
962 828 1226 869 densitatem
1251 828 1415 867 nimiae
1445 828 1653 868 crassitu-

306 919 332 943 >›
343 904 460 944 dinis
486 904 593 944 solis
617 902 759 942 lumen
793 915 914 942 omne
944 915 1120 954 coepere
1151 901 1405 947 subtexere,
1443 900 1655 940 indiscre-

308 986 516 1031 »tamque
541 974 663 1017 nobis
688 984 853 1017 noctem
868 975 1066 1028 diemque
1088 970 1365 1031 confundere.

393 1048 600 1088 XXXIV.
642 1049 828 1102 »Neque
848 1048 898 1088 id
920 1047 1039 1088 breve
1058 1057 1139 1087 aut
1160 1049 1518 1088 transcursorium
1529 1039 1654 1102 fuit.

309 1125 474 1163 »Enim
505 1121 654 1161 diebus
666 1115 774 1175 fere
801 1128 855 1156 ·V·
880 1123 983 1171 pari
996 1116 1131 1176 facie
1155 1116 1381 1176 foedatus
1415 1124 1491 1158 αἰέν
1525 1119 1573 1158 in
1607 1117 1658 1157 id

310 1197 519 1236 »tandem
541 1193 783 1246 aliquando
804 1196 1021 1245 purgavit
1040 1190 1115 1246 (ι),
1147 1202 1196 1232 ut
1212 1202 1344 1233 sexta
1366 1192 1445 1233 sub
1463 1193 1555 1232 luce
1568 1205 1660 1231 cum

310 1268 615 1318 »interruptis
640 1265 820 1306 nubibus
838 1267 905 1306 sol
913 1261 1086 1322 faciem
1109 1267 1265 1306 mundo
1294 1267 1531 1318 pristinam
1563 1264 1661 1304 red-

308 1343 531 1382 »didisset
548 1368 556 1384 ,
589 1348 761 1379 tantam
782 1341 866 1380 vim
895 1341 1060 1380 nivium
1088 1341 1324 1380 incubuisse
1345 1340 1602 1386 videremus,
1616 1347 1667 1379 ut

309 1429 481 1466 »supra
504 1416 636 1454 trium
657 1412 899 1453 cubitorum
924 1414 1209 1454 altitudinem
1231 1415 1365 1454 densa
1389 1413 1548 1454 multos
1571 1414 1668 1468 qui·
1723 1430 1725 1433 ·

310 1488 445 1527 »dem
466 1496 510 1526 et
536 1487 802 1526 nostratium
831 1482 1136 1543 interfecerit,
1167 1502 1275 1542 quos
1292 1481 1431 1543 forte
1460 1489 1507 1527 in
1538 1501 1664 1538 aper-

310 1560 537 1601 »ti0ribus
566 1561 674 1599 locis
699 1567 830 1599 nacta
864 1561 949 1604 sit;
980 1562 1173 1612 plurima
1205 1570 1349 1600 autem
1381 1553 1428 1588 (b)
1467 1559 1661 1600 obruerit

311 1633 659 1689 »quadrupedia
687 1647 868 1686 quorum
909 1633 1093 1675 nihilum
1139 1649 1225 1674 non
1255 1632 1301 1663 (⁶)
1351 1634 1574 1674 stantaria
1609 1628 1664 1665 (d)

314 1716 486 1747 »morte
507 1705 747 1758 obriguisse
766 1707 980 1747 visitares.

401 1778 628 1819 XXXVII.
671 1794 693 1814 ν
705 1780 856 1833 anue
871 1780 1031 1819 nivium
1052 1781 1116 1819 vis
1141 1794 1231 1818 cum
1256 1779 1405 1820 dicBus
1417 1774 1572 1836 ferme
1587 1782 1667 1820 tri-

317 1871 342 1895 »
355 1857 483 1907 ginta
503 1854 587 1892 vix
616 1852 857 1898 habuisset,
885 1861 1071 1906 aequato
1096 1853 1270 1892 tandem
1285 1853 1377 1892 solo
1400 1854 1558 1893 itinere
1575 1855 1666 1893 die·

318 1943 342 1967 >›
356 1942 449 1966 rum
464 1920 617 1980 ferme
639 1926 824 1978 quinque
849 1926 1065 1965 Prasiaca
1098 1923 1145 1954 (θ)
1174 1926 1507 1966 adventabamus
1529 1927 1665 1966 multo

319 2000 530 2054 »quidem
550 1996 696 2037 labore
716 2000 792 2051 qui
805 2000 997 2038 strictim
1011 2001 1154 2038 dictus
1172 2007 1235 2038 est
1255 2000 1510 2040 exanclato:
1535 2002 1667 2040 enim-

319 2087 453 2113 »vero
478 2071 643 2110 maiore
663 2072 830 2122 praeda
857 2073 997 2112 totins
1019 2073 1176 2112 Indiae
1208 2086 1434 2126 earumque
1469 2075 1667 2125 gentium

351 2278 406 2311 (a)
430 2277 515 2307 eod.
538 2276 663 2306 hor-eus.
702 2275 748 2311 (b)
773 2276 850 2306 Cod.
874 2284 1000 2306 tamen.
1039 2279 1083 2311 (c)
1109 2279 1157 2305 Ira
1181 2276 1254 2304 cod
1283 2277 1378 2313 qnod
1401 2279 1567 2314 scriptum
1595 2281 1664 2309 for-

315 2331 406 2355 tune
425 2335 488 2363 pro
509 2326 732 2357 rumnihilum.
771 2327 825 2360 (d)
850 2329 898 2356 Ita
927 2327 1005 2356 cod.
1044 2330 1086 2357 (e)
1112 2326 1184 2354 cod
1229 2327 1328 2355 modo
1366 2327 1533 2357 Prasiaca
1562 2332 1665 2360 modo

316 2377 522 2407 Prasiacam
541 2378 647 2406 sicuti
670 2378 704 2406 in
722 2377 905 2406 Itinerario
927 2377 1078 2405 vidimus
1092 2377 1357 2406 marmandam
1380 2385 1453 2413 cap.
1480 2378 1664 2409 Lxxxlv.

320 2426 547 2457 Maracanda
576 2436 647 2464 cap.
674 2428 871 2456 Lxxxvu.
903 2430 986 2455 Tum
1014 2428 1109 2456 Hora
1135 2432 1168 2455 et
1182 2427 1314 2456 Isaram
1333 2436 1404 2464 cap.
1428 2428 1531 2456 cvu.

376 2583 441 2638 (1)
473 2592 525 2624 Ita
548 2588 624 2623 rod.
656 2602 757 2623 sensu
785 2599 923 2623 neutru-
