1752 3116
629 169 891 209 PRAEFA‘TIO
1352 169 1427 208 103

90 282 251 322 romani
284 280 490 321 sermonis
519 281 740 338 ignarum.-
780 280 867 320 Iam
907 293 1031 335 quem
1065 280 1200 320 locum
1231 279 1425 319 Giraldus

90 354 142 377 ex
171 338 350 393 epistola
373 337 601 376 Alexandri
635 336 685 376 ad
708 338 979 377 Aristotelem
1009 337 1171 392 profert
1204 340 1423 393 (Topogr.

87 394 274 434 Hibern.
299 408 388 449 cap.
408 397 504 449 1v.)
535 396 571 432 is
595 393 647 432 ad
664 393 766 432 Iulii
792 394 956 433 Valerii*
984 408 1086 449 opus
1114 399 1198 432 non
1221 390 1425 448 pertinet,

87 450 162 492 sed
180 451 231 490 ad
252 451 471 490 historiam
497 451 798 500 scholasticam,
823 466 843 488 e
866 450 1116 504 qua-reapse
1142 465 1186 488 se
1210 450 1425 488 desumere

88 507 280 548 eumdem
304 506 498 547 Giraldus
523 508 594 549 ait.
636 507 721 560 Qui
749 524 849 547 xero
870 507 1026 545 Iulium
1051 507 1262 546 Valerium
1283 506 1425 544 latini-

82 566 184 604 tatis
207 565 398 622 ignarum
425 563 609 613 diceret,
640 565 675 601 is
707 562 757 601 de
781 579 853 602 sua
887 565 1031 619 potius
1053 564 1219 602 inscitia
1252 563 1424 601 confite-

83 632 218 661 retur.
270 621 340 659 Ne
366 621 509 675 plurag,
539 620 701 659 Barthii
729 622 981 668 auctoritas,
1022 621 1096 673 qui
1118 620 1276 658 Iulium
1302 619 1423 658 Vale-

81 680 192 718 rium
220 693 306 717 non
337 677 472 726 vidit,
514 678 627 716 nulla
652 687 732 715 est.
788 680 974 716 'sumet
1002 677 1080 715 alia
1105 675 1272 724 fabula,
1302 690 1422 730 quam

81 735 293 789 (Advers.
319 735 372 774 V.
395 735 495 787 14.)
529 749 582 772 ex
614 733 701 773 vita
728 733 958 773 Alexandri
992 742 1196 771 memorat
1242 734 1421 785 (nempe

80 793 132 831 de
152 790 320 830 Iudaeis
343 788 394 829 ab
417 789 656 829 Alexandro
683 793 794 829 intra
820 800 985 830 montes
1008 790 1246 843 conclusis)
1281 803 1327 827 ea
1344 803 1422 842 pe·

78 851 161 888 tita
181 857 247 886 est
272 847 342 886 vel
363 861 385 884 e
410 845 608 886 Gotfrido
630 848 895 887 viterbiensi
915 845 1115 885 Chronic.
1135 842 1245 901 part.
1270 862 1332 885 xi.
1352 843 1421 885 vel

80 921 102 945 e
139 902 399 947 Comestoris
431 904 612 942 historia
645 904 888 944 scholastica
917 903 1008 943 lib.'
1031 903 1206 941 Hester.
1238 917 1329 956 cap.
1358 919 1418 942 zv.

77 961 190 1002 unde
209 960 394 999 eamdem
413 958 593 1000 fabulam
616 961 743 999 etiam
765 960 888 1001 divus
917 961 1162 1000 Antoninus
1184 959 1420 1013 desumpsit

72 1017 246 1074 cap-'IL
275 1016 321 1054 ff.
358 1024 424 1056 10.
832 1047 834 1049 >
1412 1037 1417 1044 ·

161 1081 200 1115 2.
234 1072 442 1112 Germ-dus
461 1072 527 1112 Io.
546 1074 724 1113 Vossius
739 1073 954 1128 Aesopum
974 1083 1016 1113 et
1035 1074 1194 1112 Iulium
1207 1071 1419 1111 Valerium

73 1141 275 1171 memorat
295 1131 339 1167 in
360 1131 493 1169 tertio
514 1129 624 1169 libro
646 1129 697 1168 de
721 1131 938 1171 historicis
965 1132 1125 1188 graecis
1150 1130 1260 1168 inter
1284 1129 1419 1167 histo-

73 1189 183 1227 ricos
209 1189 392 1226 incertae
414 1187 590 1236 aetatis,
632 1187 819 1241 itemque
846 1189 891 1224 in
914 1189 1040 1227 tertio
1064 1187 1175 1225 libro
1210 1186 1261 1223 de
1281 1186 1417 1226 his-to,-

72 1246 172 1284 risis
192 1244 337 1282 latinis
360 1243 471 1281 inter
491 1256 740 1294 anonymos,
791 1244 850 1281 Et
875 1244 945 1282 ille
983 1242 1156 1297 quidem
1182 1251 1296 1280 recte
1317 1239 1415 1278 facit

74 1317 169 1341 cum
191 1301 344 1338 nititur
367 1300 412 1337 in
432 1301 682 1338 auctoritate
704 1299 865 1348 Iureti;
899 1300 1014 1354 quod
1035 1314 1136 1339 vero
1162 1298 1326 1336 Barthii
1351 1311 1414 1334 er-

71 1371 191 1397 rores
222 1371 309 1396 non
339 1356 497 1404 sensit,
530 1356 574 1394 id
602 1357 695 1395 viro
730 1358 948 1410 ceteroqui
981 1354 1226 1395 doctissimo
1257 1352 1414 1392 condo-

69 1414 252 1453 nandum
282 1421 362 1451 est.
418 1413 593 1451 Frustra
624 1422 761 1450 autem
785 1413 954 1452 dubitat
976 1414 1156 1453 Vossius
1189 1427 1287 1449 num
1311 1410 1409 1448 Iuiii

70 1471 232 1511 Valerii
260 1482 367 1524 opus
389 1468 499 1507 idem
525 1471 584 1507 sit
606 1478 734 1523 atque
757 1469 862 1507 illud
886 1469 1005 1523 quod
1030 1469 1183 1523 incipit
1206 1475 1330 1508 Moris
1361 1481 1414 1506 esc

64 1535 202 1570 usitati.
256 1526 363 1564 Sunt
386 1527 497 1565 enim
532 1526 632 1564 haec
658 1525 786 1565 verba
812 1527 987 1564 initium
1014 1526 1182 1581 prologi
1210 1525 1259 1563 ad
1284 1523 1411 1562 (31ιυί-

63 1586 274 1623 terianum
313 1589 462 1638 poema
501 1581 552 1620 de
591 1582 832 1622 Alexandro
876 1584 919 1622 in
962 1578 1226 1622 ambrosiano
1266 1579 1409 1620 codice

65 1641 153 1696 (L.
177 1645 246 1681 57.
279 1649 389 1695 part.
421 1641 550 1694 sup.)

152 1699 192 1737 3.
223 1697 435 1736 Iohannes
456 1696 773 1736 Freinshemius
794 1698 836 1735 in
862 1697 1002 1736 indice
1026 1696 1291 1752 Scriptorum
1307 1691 1407 1731 Ale-

63 1754 214 1793 xandri
250 1754 329 1791 ait:
364 1758 474 1793 Iulius
501 1759 671 1795 Valerius
694 1760 844 1794 latinam
863 1759 960 1806 fecit
989 1761 1172 1795 hisiorz'am
1192 1755 1406 1805 fabulosam

60 1817 107 1850 de
132 1815 372 1858 Alexandro,
400 1829 487 1862 quae
522 1816 568 1851 ab
596 1816 680 1851 aliis
711 1819 878 1861 Aesopo,
908 1815 967 1862 ,ὀ
997 1817 1064 1850 alii
1097 1814 1308 1850 Callistheni
1337 1812 1405 1845 ad-

60 1875 195 1919 scripta
215 1871 317 1919 fuit:
365 1872 457 1905 unde
479 1871 636 1919 fabulas
656 1886 740 1907 suas
773 1875 936 1907 certatim
968 1872 1156 1907 hauserunt
1179 1871 1403 1909 Antoninus,

63 1929 294 1972 Vincentius,
330 1929 604 1975 Urspergensis‚
633 1929 710 1965 alii.
766 1924 834 1962 De
856 1925 1076 1962 Antonino
1108 1933 1150 1961 et
1175 1919 1401 1961 Vincentio

57 1979 160 2019 salsa
191 1981 411 2035 opinatum
441 1980 777 2019 Freinshemium
809 1990 972 2020 constat
1012 1995 1063 2018 ex
1100 1992 1224 2033 supra
1256 1975 1399 2014 dictis.

58 2037 162 2076 Non
200 2050 331 2090 aeq-ue
361 2047 527 2075 constat
556 2036 669 2075 unde
710 2047 940 2077 commenta
983 2051 1055 2074 sua
1089 2033 1399 2090 deprompserit

58 2093 390 2150 UrspergensiS,
422 2094 622 2147 quoniam
650 2094 740 2132 eius
773 2094 951 2132 mendax
986 2093 1036 2131 de
1065 2091 1301 2131 Alexandro
1334 2088 1399 2127 hi-

61 2152 195 2189 storia
214 2165 300 2188 non
313 2148 485 2189 videtur
506 2152 723 2205 impressa.
756 2150 927 2190 Videsis
942 2149 1246 2205 Urspergensis
1261 2145 1398 2186 Chro-

54 2207 182 2246 nicon
196 2206 300 2245 edit.
325 2205 509 2246 Basileae
522 2222 588 2246 an.
605 2223 785 2248 MDLxrx.
802 2223 845 2262 p.
863 2210 928 2250 14.
963 2206 1089 2259 Quod
1111 2220 1212 2245 vero
1227 2204 1397 2243 Freins-

55 2263 221 2302 hemius
252 2263 497 2311 historiam,
529 2263 578 2302 de
611 2278 691 2317 qua
718 2265 935 2318 loquitur,
966 2263 1027 2301 ait
1049 2262 1203 2301 editam
1235 2274 1394 2319 germa-

52 2321 148 2358 nice
171 2319 441 2376 Argentorati
462 2334 571 2359 anno
595 2335 896 2361 mccccrxxxvr.
918 2334 1063 2358 rursus
1083 2318 1259 2358 fallitur.
1292 2317 1393 2355 Non

56 2377 164 2414 enim
192 2377 426 2433 germanice
449 2375 552 2415 Iulii
578 2377 738 2416 Valerii
772 2391 877 2432 opus
909 2375 1067 2414 editum
1102 2374 1163 2414 ibi
1198 2386 1284 2423 est,
1318 2371 1392 2411 sed

55 2432 184 2471 latine
215 2433 444 2488 pessimum
480 2432 585 2472 illud
611 2432 776 2472 barbari
813 2434 905 2472 aevi
939 2443 1214 2471 commentum
1242 2431 1390 2470 inscri-

54 2499 174 2542 ptum
198 2497 357 2530 Historia
379 2494 589 2530 Alexandri
621 2498 741 2542 magni
768 2498 863 2541 regis
889 2495 1131 2529 IWacedoniae
1158 2495 1201 2528 de
1230 2493 1389 2543 proeliis.

61 2545 232 2585 'Videsis
262 2547 511 2586 I’anzerium
538 2551 660 2586 annal.
683 2563 833 2600 typogr.
862 2547 914 2584 Τ.
937 2547 989 2586 V.
1023 2560 1065 2600 p.
1093 2553 1160 2586 22.
