1752 3116
304 193 346 226 21
359 188 384 226 8
685 183 1038 227 ALEXANDRI
1074 184 1256 225 ACTVS

300 331 319 354 >›
334 298 603 353 confessae,
639 299 705 346 ita
740 303 991 345 Persarum
1025 314 1219 360 quoque
1254 294 1533 359 proceribus
1561 311 1641 357 pa·

299 386 431 439 „lam
448 384 653 430 Fecimus
687 384 907 445 ipsorum
931 381 1080 427 etiam
1115 396 1200 426 vos
1224 379 1275 411 (a)
1308 382 1529 424 Deorum
1552 379 1643 424 im-

297 468 614 521 „mortalium
668 466 882 512 numeris
929 476 978 511 et
1032 463 1280 511 consortio
1341 477 1642 525 congregare.

295 554 483 612 „Quare
519 562 681 595 tecum
715 566 810 595 una
847 547 977 610 quod
1011 547 1148 594 iubes
1182 551 1414 594 Roxanen
1451 560 1645 606 quoque

294 662 314 686 »
326 633 550 694 deinceps
585 631 925 678 venerabimur
944 642 978 683 ‹<,

110 728 276 774 Vulgan-
391 720 534 761 XLV.
581 720 644 760 Et
685 717 802 761 haec
848 713 1047 776 quidem
1090 712 1318 758 mulieres
1362 709 1424 757 ad
1465 725 1644 774 regem.

61 787 276 876 ἱῖζῃῗῗζ
293 799 506 844 Eaedem
541 810 703 844 autem
725 794 770 830 (ὃ)
815 798 1016 859 satrapis
1062 808 1111 841 et
1158 793 1477 857 optimatibus
1513 793 1644 839 talia.

174 855 196 888 P
264 870 312 936 ⁸„
325 889 534 946 Agamus
551 882 748 946 largiter
766 882 873 928 Diis
898 878 1262 926 immortalibus
1289 877 1481 942 gratias,
1512 874 1646 938 quod

293 966 472 1018 „Dario
509 964 758 1011 desinente
793 965 931 1011 Darii
967 963 1107 1010 nobis
1151 960 1387 1007 beneficia
1433 976 1534 1006 non
1569 957 1649 1002 de-

291 1079 310 1102 »
324 1059 450 1095 sunt.
476 1052 626 1093 *Nam
664 1060 711 1093 et
746 1052 978 1094 Roxanen
1026 1043 1296 1092 Alexander
1328 1060 1468 1091 suam
1501 1041 1643 1093 fecit,

290 1147 527 1192 „eamque
563 1131 780 1194 coniugii
813 1131 1001 1175 honore
1044 1129 1293 1191 dignatur:
1342 1141 1436 1188 qua
1485 1123 1648 1171 cuncti

289 1213 381 1267 „de
415 1213 594 1277 gratia,
640 1229 734 1257 una
780 1229 893 1258 cum
927 1212 978 1257 id
999 1211 1042 1244 (θ)
1088 1211 1142 1256 in
1192 1224 1453 1256 commune
1500 1205 1646 1269 profi-

289 1326 309 1348 ,‚
323 1296 443 1349 ciat,
481 1294 801 1342 confiteamur
815 1294 895 1341 (ὼε
934 1313 1050 1341 cum
1086 1311 1189 1347 eos,
1239 1294 1292 1338 in
1328 1308 1452 1354 quos
1489 1290 1646 1336 domi-

289 1396 411 1432 „nus
447 1378 600 1424 factus
638 1391 732 1432 est,
773 1381 989 1426 mutuari
1024 1377 1253 1444 gaudium
1286 1392 1429 1422 suum
1464 1374 1645 1420 malue-

288 1493 306 1515 ,‚
320 1465 385 1507 rit
421 1479 569 1524 quam
604 1479 823 1509 exercere
845 1464 943 1509 m«.

101 1550 269 1613 'Alexan-
386 1548 552 1591 XLVI.
598 1544 690 1590 Sed
720 1545 778 1590 ad
817 1544 1113 1591 eiuscemodi
1147 1542 1412 1608 legationes
1444 1540 1645 1587 Alexan-

52 1607 116 1696 ἓξ
140 1608 268 1698 ῗῖἀὲζ
286 1628 369 1672 der
403 1626 705 1692 gravabatur.
761 1633 933 1689 Neque
978 1629 1111 1673 enim
1156 1643 1207 1671 se
1249 1622 1486 1686 parilibus
1533 1639 1645 1669 cum

51 1721 231 1756 beralitas.
284 1712 391 1757 Diis
427 1710 699 1757 honoribus
735 1709 1059 1772 exaequabatg
1110 1709 1228 1770 quin
1263 1707 1423 1752 immo
1470 1707 1643 1752 memi-

282 1794 408 1839 nisse
443 1810 632 1854 semper
667 1794 901 1840 mortales
936 1793 1117 1838 suimet
1150 1801 1378 1853 oportere
1412 1789 1643 1837 admone-

281 1877 378 1923 bat.
437 1876 801 1930 Nihilominus,
847 1887 903 1921 ut
955 1876 1160 1937 quisque
1206 1875 1256 1919 in
1305 1876 1424 1921 haec
1469 1874 1640 1921 officia

280 1961 515 2013 venisset,
552 1958 774 2005 laudatos
813 1971 957 2021 atque
993 1959 1198 2004 donatos
1234 1958 1520 2005 honoratius
1570 1957 1641 2002 di-

280 2041 528 2089 mittebat.
575 2047 744 2104 Itaque
779 2041 912 2103 quod
953 2043 1011 2088 de
1045 2047 1269 2088 Roxanes
1305 2042 1489 2103 nuptiis
1525 2057 1639 2087 con·

280 2128 505 2175 suluisset
539 2142 650 2172 cum
689 2137 845 2172 matre
891 2126 1152 2187 participat
1198 2124 1516 2187 Olympiade,
1565 2125 1639 2169 iu-

279 2212 460 2274 betque
494 2208 546 2255 id
582 2209 712 2272 quod
746 2226 805 2255 ex
838 2209 993 2271 priori
1029 2207 1204 2270 praeda
1239 2207 1414 2253 mundi
1449 2207 1569 2272 regii
1591 2206 1637 2240 (ε)

277 2295 440 2341 fuerat
474 2293 766 2358 Rogodunes
800 2304 944 2354 atque
996 2295 1215 2337 Roxanes
1259 2290 1312 2336 id
1356 2290 1527 2337 referri
1575 2291 1635 2337 ad

324 2425 375 2455 (α)
400 2421 484 2453 eod.
510 2419 604 2450 vobis.
645 2419 691 2455 (b)
712 2420 792 2450 Cod.
816 2427 946 2450 camen-
997 2420 1043 2452 (c)
1070 2418 1153 2447 Cod.
1180 2416 1217 2447 id
1242 2417 1340 2456 quod.
1379 2418 1433 2451 (d)
1457 2418 1540 2448 Cod.
1563 2426 1636 2447 con-

277 2473 377 2505 fiteri.
427 2474 471 2505 (e)
492 2471 577 2501 eod.
604 2472 740 2510 regina.

340 2561 403 2614 (1)
434 2567 574 2612 Nempe
604 2562 767 2598 molestia
798 2562 965 2611 adficere.
