1752 3116
371 155 418 188 17
425 151 449 190 s}
751 150 1106 192 ALEXANDRI
1134 154 1317 194 ORTVS

367 279 467 307 sese
501 278 740 324 paravere.
783 266 1076 327 Adduntque
1118 268 1193 313 his
1234 266 1384 321 illud,
1422 266 1734 330 quingentos·

368 358 577 392 armatos
613 365 639 392 e
673 350 767 394 suis
802 349 953 393 muris
988 349 1298 396 insistere-ac
1341 367 1460 396 voce
1501 350 1715 395 maxima

369 429 578 476 clamare
611 432 788 479 iussere
832 445 976 494 atque
1011 432 1285 480 Alexandro
1330 432 1490 479 dicere
1522 434 1597 478 uti
1632 444 1718 477 aut

370 514 558 558 veniret
593 514 651 559 ad
686 516 929 576 proelium
964 528 1047 561 aut
1083 516 1141 562 de
1184 516 1442 563 moenibus
1491 527 1540 562 et
1592 515 1719 562 obsi-

372 595 518 642 dione
536 597 587 629 (α)
625 596 902 646 discederet.
957 598 1048 645 Sed
1084 598 1144 644 ad
1177 601 1295 645 haec
1330 599 1490 645 ridens
1514 599 1722 645 Alexan·
1751 592 1752 623 ³

371 679 479 733 der,
517 684 677 727 Ovvos
711 684 1021 729 stultissimos
1058 682 1265 728 dixerim
1301 683 1386 744 qui
1409 677 1456 713 (b)
1492 698 1604 727 cum
1628 680 1725 742 ipsi

371 763 642 810 custodiam
676 767 823 811 vestri
859 783 1116 812 murorum
1151 766 1283 811 vallo
1312 765 1542 819 teneatis,
1577 761 1732 810 nobis

371 860 627 910 praecepta
672 847 888 895 bellandi
938 847 1205 912 praebetis!
1261 849 1416 913 Igitur
1455 845 1726 912 gerendum

373 931 447 976 his
495 931 564 976 ait
615 949 828 986 morem,
887 934 1340 994 proeliatururnque
1389 949 1439 978 se
1484 931 1724 982 minatur,

375 1030 475 1060 non
514 1031 567 1060 ea
603 1028 767 1063 tamen
805 1016 1041 1078 opinione
1090 1032 1183 1078 qua
1220 1032 1333 1062 cum
1375 1013 1586 1061 fortibus
1635 1011 1729 1058 dis-

377 1109 592 1159 ceptaret
613 1099 674 1144 (⁶).

157 1197 362 1232 Thebarum
479 1184 624 1226 LXV.
668 1178 867 1228 Etenim
901 1183 1125 1243 protinus
1165 1182 1308 1229 iubet
1348 1181 1489 1226 mille
1533 1177 1733 1242 quidem

146 1254 339 1289 excidium.
380 1264 566 1325 equites
600 1264 970 1311 circumvallare
1015 1283 1095 1312 eos
1132 1266 1217 1328 qui
1270 1267 1322 1311 in
1365 1281 1509 1311 muro
1558 1263 1735 1310 consti-

380 1359 563 1400 terant3
602 1347 790 1409 pedites
835 1365 951 1395 vero
999 1350 1250 1396 securibus
1294 1348 1609 1410 vectibusque
1656 1345 1736 1407 ad-

378 1430 513 1495 gredi
550 1432 756 1477 claustra
790 1444 1043 1496 portarum
1079 1450 1133 1479 ac
1168 1432 1488 1479 fundamenta
1511 1430 1740 1478 subruere

380 1532 649 1560 murorum.
695 1519 812 1561 Non
848 1516 979 1561 enim
1011 1515 1216 1563 difficile
1243 1534 1342 1563 esse
1376 1516 1428 1560 id
1463 1512 1741 1560 aedificium

381 1600 528 1644 armis
564 1598 810 1652 excidere,
849 1598 983 1660 quod
1015 1618 1103 1662 per
1137 1602 1272 1662 lyrae
1307 1612 1474 1647 cantus
1511 1609 1558 1643 et
1594 1596 1741 1641 musi-

384 1699 490 1729 cam
537 1682 852 1728 tamultuario
902 1684 1238 1731 convenisset:
1296 1697 1345 1730 et
1397 1682 1564 1729 statim
1619 1680 1739 1725 inici

383 1765 602 1811 flammas
638 1765 906 1826 arietesque
943 1766 1172 1812 admoliri
1207 1768 1366 1820 iubet,
1406 1781 1619 1827 quorum
1644 1780 1742 1809 cre-

382 1848 474 1894 bro
512 1859 560 1893 et
595 1848 876 1894 vehementi
921 1849 1187 1896 admodum
1222 1852 1369 1913 pulsu
1404 1866 1503 1895 non
1541 1845 1744 1893 difficile

385 1949 476 1978 nec
513 1931 596 1977 diu
633 1948 765 1978 casus
803 1933 1030 1979 omnium
1077 1946 1149 1980 est
1194 1935 1429 1980 moratus
1475 1937 1582 1994 Ipse
1626 1947 1742 1977 vero

387 2033 501 2062 cum
535 2015 675 2061 mille
708 2014 1042 2062 funditoribus
1077 2017 1285 2064 totidem
1309 2017 1360 2050 (ι)
1397 2015 1535 2062 obire
1571 2015 1749 2061 discur-

387 2100 508 2153 sim,
546 2098 665 2144 adeo
702 2110 759 2144 ut
794 2100 933 2145 omni
968 2102 1179 2147 telorum
1203 2117 1375 2166 genere
1410 2098 1636 2163 fatigatos
1660 2109 1745 2142 aut

388 2194 753 2246 prosternerent
786 2183 1044 2230 Thebanos
1082 2197 1164 2231 aut
1210 2185 1534 2230 vulnerarent.
1588 2187 1745 2243 Atque

389 2269 459 2314 ita
495 2268 642 2313 tertio
679 2266 781 2312 fere
815 2265 917 2321 die,
964 2269 1204 2331 coniapsis
1242 2267 1472 2314 omnibus
1509 2282 1629 2328 quae
1665 2263 1752 2311 ob-

430 2387 481 2420 (a)
507 2385 588 2414 cod.
615 2382 822 2418 subsidione.
848 2385 905 2413 sed
929 2387 1017 2415 alius
1041 2387 1168 2416 latinus
1192 2387 1296 2416 ambr.
1320 2384 1498 2415 obsidione.
1539 2382 1584 2419 (b)
1599 2383 1691 2415 'God0
1717 2390 1752 2411 at

396 2437 466 2475 qui.
502 2437 549 2469 (c)
569 2435 651 2465 Cod.
677 2437 880 2472 disceptare.

397 2495 445 2502 ..κ-

460 2525 522 2577 (1)
555 2530 653 2563 Dicit
676 2529 846 2571 eoadem,
878 2530 963 2575 quia
991 2530 1153 2575 superius
1181 2529 1272 2562 dixit
1301 2531 1433 2575 equites
1460 2524 1568 2559 mille.
