1752 3116
533 205 636 248 SEV
669 198 843 245 LIBER
871 193 905 233 Ι.
1305 179 1381 216 179

47 343 366 404 „congregato
386 323 599 376 exercitu
618 324 954 366 commearem.
989 302 1249 350 Enimvero
1270 295 1386 338 haec

49 459 68 482 ‚‚
81 438 152 472 est
186 423 272 468 illa
310 412 522 476 aequitas
551 422 604 451 ac
635 393 966 465 providentia,
1002 398 1057 432 ut
1094 400 1181 430 vos
1213 379 1298 440 qui
1332 391 1389 420 ex

48 508 303 566 „ubertate
338 511 493 544 terrae
528 483 836 553 praecluatis‚
885 487 1026 535 atque
1068 468 1143 513 his
1179 459 1391 508 flumini-

48 594 171 650 „bus
208 575 526 635 obvallemini
547 572 622 626 (¹³,
659 581 830 614 eorum
856 553 1146 605 Violentiam
1178 541 1393 592 sentiatis

724 648 915 711 Quippe
949 638 1008 686 ad
1036 638 1159 681 hanc
1194 627 1395 691 opulen-

51 710 71 732 ,‚
85 677 171 740 qui
204 673 294 719 ista
320 681 420 713 non
443 659 666 707 habeant,

901 737 950 773 et
994 719 1208 767 militare
1256 707 1398 756 vobis

52 795 72 819 ‚‚
84 763 205 807 tiam
250 768 413 802 rerum
459 745 499 792 si
543 742 616 788 vis
663 747 855 799 quoque

53 879 74 903 »
89 840 376 893 exercitium
419 827 671 877 adfuisset,
724 815 857 862 nulla
905 804 1125 872 profecto
1172 812 1285 863 gens
1327 790 1399 835 fo-

220 938 342 987 quae
377 913 558 962 duabus
592 907 723 952 hisce
758 898 983 944 fortunae
1015 884 1200 934 viribus
1237 876 1400 925 obvia·

361 1001 509 1066 igitur
537 1004 705 1038 natura
733 979 1052 1039 descriptum,
1087 980 1143 1014 ut
1167 963 1274 1027 quis
1309 960 1401 1005 ista

892 1095 903 1114 ‚
960 1058 1094 1103 idem
1113 1051 1164 1083 (α)
1211 1052 1406 1093 careant

53 940 183 986 „ret‚

54 1046 74 1068 »
87 1024 175 1059 ret.
285 1017 329 1052 st

55 1108 254 1153 „rerum
299 1081 549 1151 opulentia
595 1076 657 1122 sit
700 1071 875 1116 donata

591 1171 645 1205 ut
687 1149 846 1215 siquid
892 1144 991 1195 illi,
1043 1137 1129 1200 qui
1172 1131 1315 1179 armis
1359 1137 1408 1172 et

59 1261 314 1321 „manibus
347 1251 625 1313 indulgent,
662 1239 720 1284 de
756 1233 860 1280 solo
884 1222 1084 1292 genitali
1107 1213 1407 1280 indigebunt,

61 1336 429 1404 „huiuscemodi
465 1340 490 1378 a
526 1322 785 1375 fluentibus
820 1319 1036 1377 petant«.
1085 1303 1231 1349 Hisce
1267 1294 1409 1340 dictis

923 1405 979 1439 ut
1015 1381 1253 1452 quidquid
1287 1375 1412 1423 illud

948 1475 1001 1520 id
1034 1470 1233 1518 sibimet
1267 1461 1412 1507 infer-

57 1177 279 1236 „bellicis
324 1167 531 1216 viribus:

60 1431 211 1496 exigit
242 1422 466 1489 protinus
501 1414 561 1460 ab
596 1401 869 1471 Aegyptiis,

60 1526 294 1580 pensuros
327 1523 377 1552 se
412 1497 563 1548 Dario
598 1486 910 1550 recepissent,

59 1612 192 1649 rent:
231 1591 363 1657 quod
398 1583 598 1650 quidem
624 1593 681 1623 eo
711 1589 760 1618 se
789 1577 951 1631 petere
975 1566 1174 1603 testatus

62 1699 117 1733 nt
154 1680 330 1745 opibus
376 1671 473 1720 suis
515 1659 738 1711 indidem
781 1640 1074 1698 incrementi
1114 1629 1300 1695 aliquid
1335 1643 1417 1689 pa-

65 1779 282 1817 reretur,
320 1757 570 1805 enimvero
593 1758 649 1792 ut
678 1731 971 1790 extruendae
993 1723 1128 1773 urbis
1149 1718 1278 1764 foret
1309 1710 1417 1758 sub-

536 1826 682 1878 Haud
719 1826 1000 1869 cunctanter
1035 1810 1087 1853 in
1112 1807 1231 1850 haec
1266 1805 1417 1861 Aegy-

575 1910 797 1969 datisque
839 1894 1058 1963 pecuniis
1102 1900 1148 1934 et
1181 1887 1419 1931 honorata

1213 1559 1282 1594 est
1314 1560 1415 1590 non

65 1850 241 1901 stantia
273 1840 470 1905 largior.

66 1936 162 2000 ptii
209 1928 530 1976 obsecuntur,

69 2015 361 2067 deductione
395 2019 484 2071 per
508 1994 763 2045 Pelusium
796 1988 1142 2048 properantem
1173 1966 1301 2015 votis
1339 1976 1420 2023 pa-

70 2106 188 2153 riter
222 2109 272 2144 et
301 2106 420 2138 vero
455 2098 622 2131 amore
656 2078 989 2138 prosecuntur.

169 2179 386 2231 XXXIX.
421 2177 600 2218 Rursus
635 2161 787 2225 igitur
810 2159 1003 2210 recepto
1037 2138 1173 2189 omni
1209 2130 1420 2182 exercitu

74 2283 127 2319 et
177 2268 230 2312 in
283 2259 439 2322 Syrias
482 2251 658 2296 itinere
715 2237 980 2289 destinato,

75 2367 192 2415 quas
227 2344 318 2393 sibi
342 2336 514 2387 transit

74 2402 1424 2470 sslf*-

114 2495 165 2526 (a)
191 2493 240 2519 lta
265 2485 344 2515 cod.
369 2489 432 2518 pto
458 2476 572 2508 iidem.

75 2534 704 2565 ’.κ’-,Μ

141 2604 204 2656 (1)
237 2602 370 2640 Confer
397 2595 600 2632 Diodorum
631 2591 660 2624 Ι.
693 2591 745 2620 57.

707 2501 1430 2538 fflm-aea

1494 2116 1655 2155 Alexan-

1439 2176 1502 2209 der
1560 2174 1656 2207 venir

1025 2223 1168 2271 urbes
1216 2234 1291 2264 eas
1336 2230 1422 2276 per
1441 2235 1606 2277 Tyrum,
1639 2242 1655 2261 a

517 2349 572 2380 us
608 2329 736 2375 foret
761 2316 953 2367 nomini
987 2327 1071 2357 suo
1103 2303 1261 2354 addit;
1296 2296 1423 2343 unde
1441 2291 1540 2323 cuius
1559 2288 1655 2321 adim

1442 2355 1592 2381 asc-etur,
