1752 3116
526 217 881 260 ALEXANDRI
1323 218 1375 260 43

35 334 161 379 circa
210 332 581 398 perpinguibus,
630 342 685 376 ut
699 331 750 364 (α)
786 329 1023 377 humectis
1069 331 1181 377 satis
1228 329 1378 376 subsi-

34 416 151 476 diis,
186 418 466 463 vallaretur:
516 414 673 462 valida
706 414 880 466 muris,
919 412 1134 459 difficilis
1161 431 1374 481 accessu,

32 499 220 545 ambitu
271 503 502 546 maxima.
586 503 742 561 Quare
787 497 1018 559 quoniam
1066 496 1125 542 ad
1168 497 1377 561 gloriam

29 582 190 629 arduis
216 583 266 615 (²)
300 600 373 629 res
407 583 611 628 amicior
640 598 735 643 quo
761 577 808 615 (ὂ)
845 579 1096 626 difficilior
1118 597 1246 642 spes,
1284 581 1377 625 hoc

27 666 272 712 ardescere
318 684 400 712 rex
434 667 708 727 inpensius,
768 663 1031 726 rimarique
1076 662 1275 709 laudem
1318 661 1377 707 de

25 749 298 795 moliminis
334 747 636 795 difficultate.

128 835 294 880 XLVI.
346 833 498 897 Igitur
542 845 590 878 et
626 849 836 878 accessus
880 831 1077 896 adgestu
1110 829 1373 882 solidatur,

26 926 75 960 et
109 914 294 960 bellum
323 915 422 959 iam
456 913 692 962 sacrificio
724 915 1100 967 conmendabat3
1139 930 1252 958 cum
1280 914 1376 958 ales

28 997 285 1058 quaepiam
321 1014 428 1043 arae
462 997 677 1059 lapidem
708 999 1021 1059 supermittit.
1078 1002 1209 1060 Quae
1243 1007 1376 1040 vates

27 1092 76 1125 et
120 1080 338 1141 quisquis
384 1080 501 1125 haec
536 1081 806 1126 coniectare
851 1081 903 1125 in
940 1080 1122 1126 artibus
1168 1078 1375 1130 habent,

1444 842 1612 889 Prodigi-

1395 912 1467 935 um.

27 1175 75 1208 et
109 1162 352 1208 excidium
386 1162 499 1208 urbi
532 1163 822 1224 portendere
859 1175 906 1208 et
937 1164 1156 1215 ruinam,
1194 1175 1242 1208 et
1276 1161 1378 1224 regi
1434 1165 1438 1167 ’

28 1247 303 1307 periculum
346 1256 691 1308 praemonent,
737 1245 791 1288 ni
825 1256 1028 1290 caveret.
1097 1249 1268 1306 Neque
1304 1260 1377 1288 res

26 1329 150 1375 ultra
189 1327 433 1379 differtur,
503 1328 707 1388 Eruptio
754 1328 935 1388 quippe
968 1329 1157 1373 irruens
1192 1325 1377 1390 indige·

25 1422 155 1457 stum
191 1412 337 1457 etiam
373 1423 487 1456 tunc
521 1411 735 1455 militem
770 1408 978 1454 turbat.'

126 1499 317 1544 XLVII.
354 1499 508 1558 Quem
542 1492 629 1538 ubi
650 1491 917 1539 Alexander
951 1492 1140 1538 viritim
1164 1492 1375 1538 accitum

1433 1509 1531 1543 Gaza
1551 1521 1610 1543 ea-

29 1577 234 1625 obvium
263 1576 706 1637 confirmatumque
736 1576 927 1622 ratione
955 1576 1246 1637 quantocius
1270 1576 1374 1637 ipse
1392 1565 1502 1613 pitur.

26 1661 250 1724 praevius
280 1661 440 1714 ducit,
477 1660 550 1705 nil
575 1658 938 1721 praedictorum
961 1659 1005 1690 (⁶)
1041 1677 1259 1713 memor,
1291 1670 1377 1705 aut

27 1745 180 1810 magis
223 1744 418 1806 imperii
464 1760 610 1806 quam
654 1742 729 1787 sui
740 1759 754 1795 3
823 1743 1065 1804 catapulta
1110 1744 1377 1789 humerum

28 1830 312 1875 vulneratur
357 1827 567 1891 graviter
612 1825 840 1888 quidem:
902 1826 985 1871 sed
1028 1827 1162 1872 enim
1208 1826 1374 1872 animo

28 1913 134 1958 vim
167 1911 384 1972 corporis
415 1910 644 1962 sarciens,
681 1908 941 1971 capiendae
965 1908 1098 1955 urbis
1123 1927 1260 1972 spem
1294 1927 1375 1956 va-

25 1995 185 2042 ticinii
232 1993 325 2039 fide
380 1992 437 2038 de
481 2010 567 2038 suo
619 1991 838 2054 periculo
895 2004 1051 2051 ratam
1094 1994 1270 2039 sentit:
1327 2006 1376 2040 et

26 2076 306 2141 posthabito
340 2077 542 2122 vulnere
577 2088 632 2121 ut
662 2075 910 2138 perdurat,
949 2076 1253 2139 adm0tisque
1289 2077 1375 2124 ob·

26 2157 348 2207 sidialibus<d>
384 2159 787 2206 machinamentis
818 2176 931 2205 cum
959 2161 1190 2207 tuniculis
1225 2162 1375 2207 inser-

28 2244 117 2297 tis,
153 2243 299 2305 idque
329 2242 514 2288 assidue
546 2259 601 2288 ac
627 2242 938 2306 profundiu53
978 2257 1146 2306 quarta
1173 2243 1375 2290 demum
1427 2269 1430 2272 ·

74 2389 137 2423 (a)
163 2390 214 2417 Ita
243 2387 319 2416 cod.
352 2394 409 2421 uc,
439 2389 498 2416 sed
519 2389 632 2417 malim
656 2395 699 2418 ec·
742 2387 799 2423 (b)
824 2387 907 2417 Cod.
933 2396 1040 2426 quare
1064 2389 1213 2429 quodam
1240 2396 1274 2419 ec
1303 2388 1376 2429 glo·

29 2440 122 2468 riam
150 2438 273 2467 arduis
302 2445 355 2464 res
384 2438 499 2466 amica
529 2437 626 2478 quod.
671 2439 732 2475 (c)
754 2439 832 2469 cod.
858 2437 1084 2476 praedictum.
1129 2440 1194 2476 (d)
1219 2443 1269 2469 Ita
1295 2440 1374 2470 eud.

28 2489 96 2517 nisi
119 2489 224 2518 mavis
246 2485 511 2517 obsidionalibus.

89 2590 148 2641 (1)
179 2594 316 2637 Nempe
344 2593 479 2626 erectis.
