1752 3116
530 169 651 216 ‘SEV
680 175 853 215 LIBER
881 174 916 215 Ι.
1322 183 1342 215 -1
1353 178 1399 216 13

68 285 198 348 quod
217 287 268 332 in
289 289 529 349 praesenti
555 289 830 334 laetamini:
868 300 917 335 et
945 305 1030 352 ego
1058 305 1167 335 cum
1197 300 1402 335 matrem

66 371 173 416 aliis
215 371 454 436 regalibus
501 372 682 434 nuptiis
730 370 1022 436 coniugabo,
1078 389 1163 418 vos
1211 389 1403 434 quoque

63 454 367 516 participabo
402 455 653 501 convivio:
701 465 750 499 et
783 471 878 500 una
913 471 1025 501 cum
1061 454 1201 502 dictis
1237 454 1405 501 adver-

63 536 157 581 sim
190 537 470 599 Philippum
507 537 786 584 discumbit.
854 537 949 585 Sed*
976 554 1061 584 rex
1095 548 1334 599 asperatus
1352 538 1404 570 (a)

28 654 36 659 N
65 617 126 663 ad
160 618 286 665 dicta
321 621 452 667 intus
487 622 537 665 in
573 621 738 667 animo
773 620 1029 667 saeviebat.

165 705 222 750 V.
256 702 432 749 Aderat
473 715 588 762 tunc
630 704 759 748 inter
802 705 979 752 multas
1020 706 1295 769 regalesque
1329 703 1406 749 de-

65 785 202 831 licias
224 786 390 846 Lysias
411 785 462 818 <¹>
500 785 698 848 quidam
733 788 847 833 risui
880 789 1132 835 excitando
1166 804 1307 850 quam
1339 786 1406 831 fa-

66 869 359 923 cetissimus,
396 869 481 931 qui
515 885 626 914 cum
657 871 706 915 in
742 872 947 933 gratiam
977 874 1098 937 regis
1125 870 1409 917 admordere

67 951 484 997 adolescentulum
527 953 697 1007 vellet,
742 955 958 1007 Potiare,
1003 955 1187 1016 inquit,
1233 971 1261 1000 ο
1298 970 1407 1006 rex,

71 1035 376 1096 Cle0patrae,
428 1035 642 1097 potiare:
692 1053 717 1081 e
755 1053 846 1097 qua
892 1036 985 1084 tibi
1020 1055 1158 1099 spero
1194 1038 1410 1099 privatos

70 1115 197 1164 filios
241 1130 386 1180 atque
433 1119 872 1165 incommunicatos
898 1116 943 1151 (ὂ)
978 1121 1118 1166 alteri
1152 1131 1412 1182 proventu-

72 1217 171 1247 ros:
219 1218 397 1262 eosque
443 1203 528 1263 qui
569 1202 786 1247 vultibus
830 1190 1011 1247 tuis'et
1052 1203 1185 1248 felici
1220 1218 1415 1264 respon-

72 1283 218 1330 deant
261 1284 450 1332 semini.
518 1288 650 1330 Haec
696 1284 780 1329 ubi
826 1283 952 1330 dicta
994 1296 1126 1337 sunt,
1177 1285 1413 1330 irritatior

74 1368 283 1422 iuvenis,
319 1367 544 1429 protinus
572 1367 821 1428 poculum,
860 1366 989 1428 quod
1023 1365 1112 1411 sibi
1131 1383 1246 1428 prae
1266 1383 1411 1411 manu

73 1461 202 1504 erat,
238 1451 288 1495 in
313 1450 511 1510 Lysiam
543 1450 777 1494 iaculatur
807 1466 1012 1510 eumque
1042 1449 1275 1494 vulnerat.
1323 1448 1417 1496 Sed

74 1551 158 1580 rex
190 1532 537 1579 effervescente
573 1533 672 1578 irae
706 1532 1029 1594 professione,
1073 1531 1328 1592 prosiliens
1363 1532 1415 1576 in

73 1616 430 1669 Alexandrum,
475 1613 679 1668 labitur,
730 1631 962 1677 crureque
1007 1615 1134 1660 laeso
1171 1627 1219 1660 et
1251 1617 1417 1662 vulne-

76 1713 183 1747 rato
235 1697 532 1761 procumbit.
599 1702 727 1743 Tum
774 1714 946 1760 parum
990 1709 1273 1758 temperans
1306 1697 1418 1744 voci

77 1784 287 1836 iuvenis,
334 1786 432 1835 En,
478 1781 658 1842 inquit,
705 1781 790 1827 ille
839 1782 922 1844 qui
955 1781 1118 1826 Asiam
1152 1785 1419 1842 Europam-

79 1886 174 1932 que
216 1864 445 1918 subiecit‚
489 1865 634 1909 unius
674 1865 846 1911 lectuli
889 1863 1105 1924 spacium
1149 1862 1253 1909 sine
1295 1863 1421 1925 peri-

77 1952 190 1997 culo
236 1966 338 1995 non
383 1964 604 1993 emensus
644 1959 715 1993 est
739 1946 815 1993 0³!
866 1958 914 1992 et
960 1962 1071 1991 cum
1116 1945 1246 1993 dicto
1294 1948 1422 2009 rapit

113 2089 166 2123 (a)
191 2087 274 2117 Cod.
298 2088 507 2124 asperacius.
545 2085 590 2120 (b)
614 2086 684 2115 Cod
723 2086 1017 2118 incomminicacos.

143 2197 204 2249 (1)
237 2201 344 2247 Apud
368 2200 600 2235 Plutarchum
632 2199 722 2238 loco,
737 2212 850 2245 nuper
884 2200 1027 2233 laudato
1054 2211 1090 2235 et
1114 2202 1290 2235 Iustinum
1315 2211 1372 2235 IX.
1392 2207 1424 2235 7.

83 2271 158 2294 non
179 2258 306 2301 Lysias
339 2258 402 2291 sed
422 2257 564 2292 Attalus
600 2256 827 2298 convivium,
857 2257 899 2289 de
929 2269 998 2303 quo
1022 2259 1081 2291 hic
1100 2270 1240 2301 sermo,
1271 2258 1427 2293 dicteriis

83 2315 281 2350 conturbat.

146 2368 205 2418 (2)
237 2370 346 2416 Apud
366 2370 596 2404 Plutarchum
617 2369 695 2403 loeo
722 2381 835 2414 nuper
854 2368 1000 2402 laudato
1029 2369 1157 2404 iisdem
1180 2381 1291 2415 prope
1312 2370 1427 2403 verbis

89 2427 251 2473 loquitur
285 2427 328 2459 de
346 2426 515 2472 Philippo
539 2425 764 2460 Alexander:
798 2422 911 2467 Οὗτος
934 2431 1041 2473 μεἰγοι
1073 2433 1115 2469 εἰς
1137 2427 1261 2463 Ἀσίαν
1293 2429 1327 2474 ἐξ
1354 2427 1429 2464 Εὐ-

89 2484 200 2534 ρώπης
220 2482 484 2532 παρεσκευάζετο
506 2485 711 2527 διαβαίνειν,
741 2481 777 2526 ἲς
796 2485 850 2519 ἐπὶ
878 2488 990 2530 κλίνην
1012 2483 1084 2523 ἀπὸ
1115 2490 1227 2531 κλίνης
1250 2486 1432 2528 ὁιαραῐνιιν

86 2541 349 2590 ἀνατέτραπται,

1105 2599 1132 2641 8

1435 715 1639 748 Turbulen-

1424 779 1497 803 tum
1515 773 1640 805 couvi-

1424 828 1534 862 vium.
