1732 3121
485 190 590 230 SEV
612 189 786 230 LIBER
806 188 884 227 111.
1291 190 1370 228 287

27 306 194 352 statuit
230 305 544 368 Antipatrum
579 302 636 348 ad
673 289 775 348 seg
796 303 962 348 venire
983 319 1042 348 ex
1063 302 1369 357 Macedonia,

26 391 125 436 alio
159 392 211 435 in
248 391 413 436 locum
449 389 548 434 eius
584 385 861 431 substituto.
915 384 1054 448 Quod
1078 384 1162 430 ubi
1186 385 1372 431 factum

30 484 100 518 est
119 506 131 527 ,
167 489 408 519 venenum
443 472 696 531 Antipater
719 457 907 513 laborat
928 467 1174 513 curiosum
1205 467 1373 513 admo·

25 554 143 600 dum
179 554 472 617 efficaxque,
508 553 653 615 idque
685 569 772 613 per
814 551 1095 596 ministrum
1130 551 1231 614 regi
1264 549 1372 596 dari

24 637 77 681 in
123 639 352 684 convivio
378 637 432 669 (a)
485 635 641 699 exegit
684 645 802 696 poto
829 630 891 680 (b).
945 634 1098 697 Igitur
1129 651 1212 679 rex
1253 631 1372 679 mox

27 720 208 767 lectulo
245 722 411 766 datur:
448 736 504 765 ac
545 717 713 764 diebus
758 716 1083 778 conplusculis
1126 734 1237 762 cum
1282 717 1369 761 illa

25 804 241 866 pernicie
277 805 577 850 conluctatus
611 799 808 847 tandem
842 816 1038 846 causam
1058 799 1275 847 eiusdem
1288 817 1369 863 pe-

24 888 167 932 riculi
202 904 300 933 esse
335 886 393 933 ab
428 886 685 947 Antipatro
721 884 966 949 cognovit.

123 974 219 1019 XC.
266 970 323 1015 Id
365 970 579 1015 insecuta
625 978 698 1014 est
741 968 978 1030 quaedam
1020 967 1371 1033 indignationis
1472 987 1602 1021 Prodi-

21 1053 206 1099 caelitis
266 1052 543 1099 ostentatio.
611 1051 802 1097 Nebula
867 1053 1049 1115 quippe
1082 1051 1372 1098 .admodum
1389 1042 1498 1090 gium.

24 1153 176 1183 crassa
211 1136 450 1198 foedaque
483 1134 716 1181 interfusa
754 1136 958 1181 omni<⁶)
996 1137 1095 1182 ae'ri
1136 1135 1258 1182 sudo
1292 1136 1372 1181 die

22 1231 196 1266 cuncta
231 1219 283 1264 in
318 1217 539 1266 tenebras
573 1231 796 1265 verterat.
842 1224 972 1265 Tum
1007 1232 1206 1282 repente
1236 1237 1263 1265 e
1286 1236 1373 1264 nu-

21 1302 165 1349 bibus
200 1302 422 1350 draconis
458 1300 646 1366 effigies
693 1303 982 1368 ignitissima
1017 1305 1218 1351 caelitus
1253 1287 1375 1349 labi-¹

25 1399 107 1432 tur
139 1402 273 1432 mare
306 1403 485 1448 usque,
522 1403 716 1449 unaque
750 1404 861 1433 cum
895 1387 984 1433 illo
1005 1387 1292 1449 praestantis
1319 1383 1374 1418 (d)

24 1471 215 1532 aquilae
241 1471 421 1532 species
456 1469 667 1533 volabat.
716 1470 860 1534 Quod
902 1469 990 1519 ubi
1033 1470 1222 1516 factum
1267 1481 1372 1523 est,

22 1554 151 1599 lovis
188 1569 382 1615 quoque
415 1551 672 1615 babylonii
705 1554 1022 1604 simulacrum
1056 1566 1228 1599 nutare
1268 1570 1375 1599 coe-

25 1639 112 1698 pit.
174 1641 238 1681 Et
289 1637 421 1684 hisce
478 1638 644 1693 factis,
693 1655 861 1685 rursus
913 1638 1059 1684 draco
1106 1654 1203 1683 una
1259 1653 1376 1683 cum

26 1720 186 1781 aquila
232 1735 315 1765 sua
364 1720 426 1766 ad
478 1722 601 1769 caeli
644 1737 858 1769 convexa
900 1721 1159 1768 remeavit:
1214 1721 1377 1784 aquila

25 1821 136 1850 sane
172 1805 349 1852 vehens
384 1805 552 1851 stellae
586 1803 838 1850 cuiusdam
877 1804 1123 1871 fulgidum
1158 1804 1374 1869 globum.

27 1888 171 1951 Quod
214 1887 302 1935 ubi
345 1888 570 1935 homines
614 1888 899 1942 visitavere,
942 1888 1098 1934 veluti
1139 1904 1379 1951 praenun-

24 1975 178 2018 tiante
211 1971 467 2019 divinitate
501 1971 635 2035 quod
662 1970 941 2037 gerebatur,
976 1970 1246 2019 Alexander
1258 1987 1378 2033 quo·
1403 1971 1604 2016 Alexandri

27 2072 121 2119 que
154 2055 327 2118 spiritu
362 2056 586 2119 protinus
620 2068 853 2102 vacuatur
895 2072 949 2102 ac
993 2056 1216 2102 moritur.
1265 2059 1375 2102 Per·
1391 2041 1499 2067 ’κη’

25 2141 88 2186 sis
130 2151 291 2186 autem
317 2140 362 2173 (θ)
407 2141 563 2186 multa
617 2139 871 2187 contentio
915 2151 1018 2186 erat
1063 2138 1371 2201 cupientibus

27 2240 189 2289 regem
231 2225 283 2268 in
326 2241 472 2290 regno
519 2227 707 2287 persico
763 2224 988 2288 sepelire,
1036 2239 1223 2285 proque
1266 2226 1373 2269 Deo

26 2308 214 2354 Mithra
249 2307 564 2372 religionibus
579 2305 627 2343 ‘D
654 2324 947 2355 consecrare.
992 2307 1256 2353 Enimvero
1270 2308 1377 2351 Ma-

64 2487 128 2522 (a)
154 2488 224 2516 Cod
260 2489 400 2517 convivo.
430 2487 488 2525 (b)
513 2491 642 2528 Nempe
661 2491 736 2530 regi
757 2497 840 2527 poto.
866 2490 923 2523 (c)
949 2489 1035 2520 cod.
1058 2491 1183 2520 omnia·
1211 2490 1276 2522 (d)
1293 2488 1374 2518 Coa.

26 2544 217 2576 Praestare·
247 2540 303 2571 (e)
329 2540 413 2567 Cod.
439 2547 566 2569 tamen.
594 2540 651 2575 (f)
678 2541 760 2570 Cod.
787 2537 988 2580 regionibus.
1018 2540 1084 2570 sed
1115 2539 1299 2569 dicendum
1328 2539 1375 2568 vi-

29 2587 175 2617 debatur
201 2588 429 2628 religiombue.
467 2589 554 2618 Vrde
581 2595 613 2620 et
638 2598 710 2626 cap.
739 2598 821 2620 xo».
