1732 3121
518 189 624 231 SEV
652 189 826 232 LIBER
852 187 930 229 111.
1313 187 1393 229 247

55 306 348 363 »quacumque
376 309 695 349 transmisimus
730 312 1010 351 convectam,
1053 303 1171 345 nullo
1210 305 1395 345 omnium

58 382 207 422 »Indo
228 378 280 411 (α)
309 382 592 422 Persarumve
615 381 872 427 dubitante,
899 378 1004 432 quin
1022 378 1167 417 omnia
1194 377 1318 417 nobis
1337 377 1396 417 ad

56 454 408 507 »subiugandum
424 449 595 511 facilia
613 449 782 511 forent
817 464 1074 507 quocumque
1109 451 1298 490 animum
1331 451 1396 489 in·

56 528 389 572 »tendissemus.
459 530 521 567 At
544 520 591 557 (ὅ)
632 536 776 568 cetera
820 527 995 566 nomina
1030 525 1273 576 pretiorum
1301 525 1393 570 [et]

53 601 354 652 »opulentiam
375 600 559 641 ulterius
583 615 670 641 non
691 599 990 655 requirendam
1023 597 1398 644 [existimavimus]

51 674 270 716 »vixdum
310 673 521 726 gravibus
554 673 906 714 subvectionibus
950 670 1241 717 consulentes,
1305 683 1398 709 cum

50 762 74 787 >›
86 756 215 788 tanta
241 748 290 787 in
313 747 382 787 his
402 761 512 801 quae
539 747 778 803 subiugata
811 749 905 787 sint
928 746 1022 786 loca
1049 744 1177 796 copia
1214 743 1285 783 vel
1318 736 1397 798 af-

51 836 75 860 >›
76 817 276 879 fluentia
300 822 615 872 repperiretur.
677 823 753 862 Sic
787 821 932 874 igitur
951 819 1095 858 animo
1127 817 1283 857 laxato
1305 831 1397 856 cum

49 910 72 933 >›
85 894 198 935 nihil
223 895 311 934 iam
326 888 464 949 foret
485 895 601 948 quod
626 908 715 934 non
732 889 936 950 fortuna
957 906 1012 932 ex
1049 890 1165 930 hisce
1191 898 1398 942 appeten-

47 969 158 1007 »tiis
172 967 455 1019 explevisset,
467 981 588 1008 omne
600 968 765 1008 demum
777 966 1049 1008 intenderam
1065 965 1327 1004 desiderium
1345 971 1394 1002 ut

44 1041 227 1095 »siquid
239 1047 350 1079 esset
360 1039 480 1093 quod
491 1041 770 1081 invisitatum
791 1038 843 1071 (⁶)
857 1040 924 1080 ali
927 1041 966 1079 is
962 1035 1111 1096 foret,
1124 1047 1255 1090 atque
1266 1038 1393 1076 audi-

46 1129 69 1153 »
82 1123 132 1154 tu
144 1112 340 1153 mirabile
351 1111 576 1152 haberetur
596 1108 666 1160 (d),
680 1115 731 1153 id
743 1129 844 1154 sane
856 1115 1094 1152 resciserem
1104 1113 1391 1164 videremque.
1431 1106 1625 1198 ἴαναᾶὶὶω

1410 1177 1448 1199 so
1469 1179 1480 1198 ι
1506 1175 1541 1199 et
1585 1179 1625 1198 u-

1411 1234 1476 1257 nae
1499 1234 1612 1257 Sacer·

129 1182 376 1224 XXXVIII.
417 1187 565 1225 »Tum
597 1187 776 1240 quidam
808 1184 854 1216 (θ)
881 1186 977 1225 viri
1011 1199 1065 1225 ex
1099 1185 1282 1237 oppidis
1314 1184 1395 1222 cir·

44 1256 438 1300 »cunzsiscentibus
461 1272 550 1299 esse
570 1262 749 1312 dignum
780 1260 963 1312 cognitu
1003 1267 1046 1298 et
1076 1259 1265 1297 scientia
1296 1270 1396 1307 con-

45 1349 68 1370 ν
80 1331 340 1379 tendebant,
370 1333 413 1370 si
435 1333 558 1372 modo
591 1334 744 1372 mirum
778 1333 946 1372 homini
974 1332 1117 1371 videri
1151 1338 1298 1381 posset
1330 1330 1396 1369 vi-

45 1421 68 1444 >⁷
81 1414 202 1446 recta
223 1417 395 1445 noscere
409 1413 453 1445 et
465 1407 644 1446 arbusta
665 1406 864 1460 loquacia
885 1405 944 1445 ad
965 1404 1192 1444 humanum
1214 1403 1394 1442 modum·

45 1494 69 1515 ν
82 1479 142 1518 Id
165 1479 353 1530 primum
386 1487 437 1518 ut
460 1478 718 1530 inpossibile
738 1478 1132 1530 alienissimumque
1151 1486 1311 1516 natura
1328 1492 1394 1515 ar·

45 1551 273 1590 »bicratus
296 1565 428 1603 neque
452 1552 718 1591 credideram
744 1545 976 1606 referenti.
1037 1551 1128 1592 Sed
1160 1551 1396 1601 persisten-

42 1640 65 1659 ν
77 1623 196 1663 tibus
222 1624 635 1680 adserentibusque,
676 1624 885 1664 adsensus
914 1629 1058 1672 [sum]
1100 1624 1276 1663 tandem
1315 1624 1395 1662 iti-

45 1697 178 1736 »neri
205 1693 257 1729 (f)
290 1698 382 1737 eius
400 1705 568 1745 terrae,
607 1713 736 1753 quam
769 1699 837 1738 sol
872 1699 1016 1738 oriens
1048 1699 1266 1737 visitaret·
1326 1697 1395 1735 Eo

42 1783 183 1821 »ergo
210 1784 304 1808 cum
333 1771 613 1819 venissemus;
643 1772 780 1810 ducor
804 1771 850 1809 in
873 1771 1087 1825 quendam
1108 1772 1244 1809 locum
1270 1769 1396 1809 arbo·

44 1858 66 1878 s>
78 1842 200 1882 ribus
232 1843 445 1882 consitum
457 1845 649 1884 amoenis
675 1842 743 1885 (ὅ).
774 1845 906 1885 Hunc
924 1843 996 1882 illi
1005 1845 1258 1895 paradisum
1281 1845 1397 1885 voci-

46 1924 241 1956 svtavere.
283 1917 509 1957 Enimvero
535 1926 785 1969 conseptum
802 1918 960 1958 viseres
979 1931 1065 1958 non
1088 1919 1298 1958 materiae
1312 1917 1399 1956 cir-

41 2004 66 2025 »
80 1989 288 2028 cumiectu
311 2002 452 2030 verum
471 1988 671 2030 arborum
684 1985 957 2046 frequentia
970 1991 1392 2031 circumsistentium.

43 2063 190 2102 »Eum
211 2054 264 2091 (ἢ)
292 2075 462 2102 sacrum
493 2063 581 2103 soli
599 2063 811 2115 lunaeque
835 2078 921 2104 esse
945 2063 1159 2105 dicebant.
1217 2065 1334 2103 Nam
1351 2072 1395 2103 et

46 2135 208 2174 »aedes
233 2135 478 2191 templaque
502 2150 628 2189 opere
650 2137 847 2177 naturali
869 2137 984 2178 hisce
1004 2138 1118 2177 Diis
1149 2137 1308 2177 ibidem
1329 2137 1396 2176 in-

47 2223 68 2243 ›»
84 2209 294 2248 trinsecus
319 2210 475 2250 viseres
487 2239 501 2262 ,
531 2210 642 2250 duas
656 2224 759 2251 vero
779 2210 956 2250 arbores
970 2210 1128 2251 caelum
1133 2205 1285 2267 ferme
1295 2224 1396 2262 pro-

48 2282 327 2321 »ceritudine
360 2282 645 2337 inter-vectas,
693 2284 829 2326 simili
854 2278 989 2340 facie
1026 2298 1114 2339 qua
1144 2298 1395 2336 cupressus,

91 2496 144 2529 (a)
177 2497 229 2525 lta
256 2495 332 2526 eod.
361 2497 460 2528 Indo.
495 2495 544 2533 (b)
584 2500 668 2532 Cod.
692 2501 755 2530 ad-
793 2502 839 2533 (c)
863 2500 945 2530 cod.
980 2502 1188 2532 inusitatum.
1231 2500 1284 2533 (εἰ)
1309 2500 1393 2530 0οᾶ-

48 2542 196 2576 haberet.
234 2547 279 2580 (e)
302 2549 350 2576 Ira
373 2548 450 2578 cod.
474 2548 542 2577 nisi
558 2550 662 2578 mavi·
678 2549 857 2590 quiddam.
895 2550 953 2586 (f)
980 2553 1060 2583 Cod.
1079 2553 1207 2582 itinere.
1235 2554 1287 2591 (g)
1310 2551 1394 2580 Cod.

46 2603 78 2623 et
100 2605 261 2625 amoenzs.
301 2597 356 2631 (h)
377 2597 461 2626 cod.
489 2607 614 2627 eorum.
