1732 3121
552 160 656 202 SEV
678 160 852 202 LIBER
871 158 950 200 111.
1318 160 1396 202 243

143 274 309 319 XXXI.
349 278 449 318 »Et
472 279 556 318 iam
577 276 717 317 noctis
730 269 881 331 ferme
902 273 1011 314 hora
1041 275 1179 316 tertia
1208 288 1399 316 numera·

58 349 223 389 »batur
249 350 522 405 illustrisque
541 350 768 390 admodum
790 349 894 388 luna
913 347 1024 388 nihil
1049 350 1204 389 diurni
1227 349 1400 389 luminis

55 422 366 479 >›demntarat,
395 438 487 463 cum
507 422 652 464 subito
679 421 976 472 conspicamur
995 422 1185 476 undique
1207 436 1261 462 ex
1283 423 1399 462 omni

58 495 205 536 »silva
242 509 353 553 quae
384 497 726 536 circumsteterat
748 493 910 534 bestias
932 493 1139 549 quasdam
1167 495 1228 534 ad
1255 496 1401 546 ripam

55 569 244 620 »stagni
265 577 401 620 potus
418 569 573 620 gratia
588 567 902 607 contendentes.
959 567 1106 608 Erant
1137 581 1212 607 eae
1237 566 1400 608 bestiae

53 642 255 691 »scorpii
279 641 456 694 quidam
478 637 530 671 (a)
562 653 649 679 non
680 641 818 679 minus
838 640 1168 691 proceritudine
1191 639 1403 679 cubitali.-

58 725 82 748 »
97 711 392 753 hammoditae
412 714 547 753 etiam
568 712 659 752 albi
685 712 825 752 colore
845 722 889 751 et
906 711 1016 767 rufi:
1052 726 1124 752 nec
1158 727 1242 753 non
1289 728 1402 753 cera-

54 795 186 825 »stae
203 784 417 826 coloribus
458 795 508 826 ut
540 800 675 837 snpra
712 785 912 825 diversis.
976 785 1124 848 Quare
1170 785 1402 826 vehementi

51 859 389 899 »sollicitudine
414 859 618 908 incitati,
647 859 1027 912 conspicantesque
1045 859 1133 898 iam
1157 866 1403 898 nostrorum

57 944 80 967 »
94 932 261 985 aliquos
290 933 600 982 interemptos,
631 926 821 987 fletibus
843 932 1032 985 undique
1049 931 1402 978 consonantibus,

56 1005 331 1055 »periculum
370 1003 710 1056 opperiebamur.
767 1003 1108 1057 Insequebantur
1138 1006 1246 1043 enim
1277 1019 1405 1055 prae-

57 1077 236 1117 »dictas
259 1075 420 1117 bestias
442 1077 575 1115 etiam
608 1075 904 1130 quadripedes
935 1068 983 1105 (ὅ)
1022 1075 1167 1116 beluae
1196 1076 1405 1117 vehemen-

58 1163 82 1186 >›
97 1158 194 1201 tes,
235 1158 370 1202 potus
406 1150 574 1189 scilicet
606 1148 913 1188 consuetudine
947 1162 998 1187 ac
1034 1151 1291 1190 necessitate
1326 1151 1406 1190 illo

60 1236 83 1260 >›
96 1223 339 1262 venientes:
367 1236 477 1276 qnae
504 1223 680 1278 quidam
702 1228 826 1260 erant
851 1219 988 1261 leones
1017 1235 1152 1274 supra
1189 1224 1409 1275 magnitu-

61 1296 241 1335 »dinem
273 1304 497 1334 taurorum
518 1308 623 1349 quos
657 1307 713 1334 ex
748 1292 1017 1333 nostratibus
1049 1298 1257 1334 maximos
1289 1296 1409 1335 duci-

57 1383 80 1405 >›
95 1383 213 1418 mus,
243 1368 531 1407 rhinocerotes
557 1368 709 1412 etiam,
756 1365 820 1405 vel
849 1367 950 1417 apri
986 1367 1052 1407 vel
1077 1367 1231 1418 pardi,
1269 1368 1409 1422 lynces

61 1456 84 1479 >›
99 1455 269 1495 quoque
294 1450 338 1480 et
353 1440 566 1492 tigrides,
599 1438 767 1490 scorpii
785 1440 1012 1492 cancrique
1028 1454 1113 1479 una
1133 1438 1180 1470 (⁶)
1212 1441 1411 1492 elephan-

59 1529 84 1552 >›
97 1518 156 1554 tis
182 1523 226 1554 et
260 1514 396 1554 buriis
419 1510 496 1552 (ὣς
536 1521 639 1552 tunc
669 1509 1010 1565 tyreeleplzantes
1039 1507 1115 1562 (θ),
1145 1521 1189 1552 et
1218 1528 1310 1553 cum
1342 1513 1412 1553 his

62 1586 286 1627 »homines
316 1588 427 1626 senis
449 1584 643 1624 munibus
668 1584 942 1636 portentuosi
969 1580 1042 1623 (f).·
1081 1587 1208 1626 immo
1237 1587 1413 1638 antipo-

57 1668 87 1698 ¹»
100 1660 174 1699 des
195 1657 247 1695 (ξ)
280 1660 412 1699 etiam
428 1667 470 1698 et
490 1657 796 1711 cynopendices
818 1652 898 1709 (ἢ),
929 1658 1146 1711 multaque
1155 1654 1414 1715 formarum

64 1731 380 1771 »humanarum
406 1744 568 1782 genera
591 1731 825 1770 invisitata
854 1728 922 1773 (Ι).

99 1876 152 1906 (a)
177 1873 263 1902 Cod.
288 1872 435 1912 quidem.
473 1869 522 1905 (b)
544 1874 592 1900 lta
614 1869 690 1899 cod.
717 1879 821 1906 prima
847 1879 962 1905 manu,
987 1880 1066 1902 mox
1085 1873 1212 1902 factum
1229 1874 1420 1912 quadrupe.

65 1923 134 1953 des.
163 1922 227 1951 Sed
245 1921 481 1961 quadripedas
513 1923 610 1949 eriam
647 1923 737 1959 apud
765 1923 978 1951 Frontonem
1013 1921 1057 1950 de
1088 1923 1219 1952 oration
1269 1923 1332 1952 lib.
1373 1923 1419 1953 Π.

66 1974 180 2011 ἰῐεςιιι,
208 1976 235 2002 1.
258 1983 291 2010 p.
319 1973 394 2006 245.
440 1974 484 2004 (c)
507 1971 586 1999 cod.
614 1971 760 2012 tigrides
791 1974 914 2009 corepci
946 1973 1079 2010 utrique
1100 1982 1171 2001 una
1203 1978 1266 2001 etc.
1291 1971 1345 2005 (d)
1370 1973 1422 2000 lta

68 2024 148 2052 cod.
179 2023 247 2052 nisi
267 2023 372 2051 mavi·
393 2018 527 2052 baricis.
565 2024 610 2056 (e)
633 2024 684 2051 lta
708 2021 784 2051 eod.
825 2021 890 2057 (f)-
906 2024 956 2051 lta
986 2022 1059 2050 cod.
1100 2023 1153 2062 (g)
1178 2023 1262 2051 eod.
1291 2025 1337 2053 im
1359 2032 1420 2052 an.

69 2073 224 2110 topodas.
273 2071 324 2106 (h)
356 2074 404 2101 lta
427 2071 503 2100 cod.

74 2202 187 2235 Porro
210 2197 456 2233 Sesonchosim
481 2196 581 2240 (sive
607 2197 829 2247 Sesostrim)
872 2199 1006 2245 ubique
1033 2206 1209 2231 terrarum
1243 2210 1263 2230 a
1290 2209 1328 2230 se
1365 2209 1424 2230 ac-

75 2256 289 2303 quisitarum
320 2255 441 2300 cippos
466 2255 524 2287 vel
546 2257 719 2290 masculos
750 2257 808 2289 vel
840 2256 1014 2290 femineos
1062 2254 1215 2289 erexisse
1250 2266 1330 2288 cum
1366 2253 1424 2286 in-

78 2312 352 2358 scriptionibus,
377 2318 547 2344 testantur
567 2313 746 2346 Diodorus
768 2314 797 2346 1.
822 2319 875 2348 55.
911 2321 945 2346 et
969 2313 1166 2346 Manethon
1192 2311 1287 2357 apud
1325 2311 1420 2354 Syn-

77 2370 208 2404 cellum
233 2381 268 2414 p.
292 2372 346 2403 59.
371 2375 405 2400 et
427 2371 482 2400 60.
502 2368 639 2403 Idcirco
672 2381 737 2414 ego
760 2372 922 2416 gemineo
947 2369 1022 2414 legi
1032 2366 1215 2415 femineo,
1245 2366 1317 2401 nisi
1343 2366 1422 2413 quis

79 2426 216 2461 mavult
236 2425 387 2471 gemino.

139 2479 200 2531 (1)
231 2484 401 2516 Portenta
437 2479 613 2514 eiusmodi
649 2490 878 2516 narraverant
913 2481 1019 2516 multi
1055 2480 1218 2516 historici
1260 2488 1422 2522 veteres,

84 2551 171 2588 quos
193 2540 288 2575 inter
312 2536 512 2572 Alexandri
553 2538 632 2573 sive
666 2539 814 2573 comites
856 2538 929 2575 sive
966 2539 1128 2585 aequales
1173 2537 1424 2580 Onesicritus,

1058 2589 1161 2639 16*

1455 294 1486 328 F
1486 308 1501 327 e
1507 307 1566 328 rae
1596 305 1630 328 et

1418 361 1583 385 monstra.
