1752 3116
505 138 609 177 SEV
632 137 805 178 LIBER
830 136 907 177 ΙΙΙ.
1298 141 1374 175 221

34 263 110 297 tus
145 250 431 315 fatigantur:
469 251 521 296 in
557 250 820 313 eademque
843 250 942 296 iarn
978 249 1120 296 duces
1147 251 1247 296 eius
1268 265 1380 296 con-

34 333 200 394 loquia
237 333 575 385 conferebant,
614 334 745 394 quod
779 333 874 379 sibi
909 334 1021 379 satis
1057 351 1156 379 esse
1187 333 1384 380 deberet

38 433 194 478 usque
229 417 288 462 ad
322 422 484 463 Persas
499 418 551 448 (α)
587 417 786 478 proeliis
829 416 1085 462 laborasse.
1139 417 1228 462 His
1265 434 1384 478 quo-

38 516 130 561 que
165 500 369 546 subditis
406 512 454 546 et
477 500 654 554 Dario,
692 499 971 544 consultum
993 511 1228 561 quantum
1243 517 1386 561 opor-

34 582 185 627 tuerit
219 583 466 636 Graeciae,
513 585 553 629 si
596 581 750 628 modo
796 582 1051 647 vectigales
1096 587 1259 627 Persas
1303 598 1384 643 pa-

37 663 167 710 tria&
198 665 436 711 fecissent.
482 662 589 727 Qus)
624 681 740 711 vero
775 665 860 711 ille
895 666 1114 712 tenderet
1147 665 1286 711 labor
1331 667 1385 711 in

39 749 230 795 Indiam
284 747 681 811 properantibus,
743 748 862 795 adeo
921 749 1111 796 infestis
1159 748 1385 795 omnibus

37 833 160 878 locis
205 831 400 877 feritate
442 830 754 877 bestiarum?
822 832 964 896 Quod
1009 833 1051 878 si
1095 833 1145 877 in
1193 843 1386 877 tantum

39 916 213 962 ordine
247 914 317 960 rei
364 913 568 959 bellicae
613 914 882 960 Alexander
930 926 1239 981 urgueretur,
1283 931 1386 960 non

38 1014 152 1044 sane
196 996 350 1042 videri
394 995 657 1042 consilium
692 998 1002 1043 inconsultae
1046 998 1128 1042 isti
1169 997 1388 1059 cupidini

39 1081 81 1126 si
116 1096 277 1126 comes
313 1077 450 1124 fieret
484 1079 672 1140 reliqua
708 1080 989 1126 multitudo.
1026 1085 1123 1127 Iret
1158 1098 1269 1145 ergo
1289 1097 1385 1142 quo

39 1163 210 1216 vellet,
246 1161 534 1223 duceretque
570 1164 654 1224 qui
689 1164 892 1208 vellent:
930 1181 979 1208 se
1003 1160 1048 1196 (b)
1085 1176 1248 1209 tamen
1274 1163 1387 1208 mis-

42 1263 119 1292 sos
155 1244 312 1291 facere
355 1244 553 1291 deberet
597 1257 674 1292 tot
713 1246 812 1291 iam
858 1244 1000 1293 bellis
1047 1247 1280 1293 exercitos
1331 1263 1385 1292 ac

41 1329 281 1394 fatigatos.

140 1416 201 1457 II.
245 1413 508 1459 Enimvero
543 1413 618 1459 his
654 1413 920 1459 Alexander
963 1413 1196 1477 cognitis,
1247 1411 1391 1458 advo·
1420 1411 1618 1478 Alessandfi

46 1507 251 1556 cate-que
285 1496 424 1540 omni
459 1507 561 1541 tam
601 1499 790 1559 persico
832 1498 1019 1544 scilicet
1054 1513 1202 1558 quam
1235 1512 1390 1540 mace·
1407 1482 1533 1562 {321⁰ss
1552 1484 1622 1505 rm*

42 1579 218 1626 donico
277 1579 514 1632 exercitu,
585 1580 637 1625 in
681 1581 799 1627 haec
850 1580 996 1626 verba
1047 1581 1387 1626 concionatur:

46 1667 213 1717 „Unus
248 1661 372 1706 mihi
405 1661 635 1724 idemque
668 1674 740 1708 est
773 1680 931 1710 sermo
968 1663 1096 1725 apud
1131 1675 1391 1726 utrumque

46 1757 312 1800 „vestrum,
363 1761 392 1790 ο
435 1745 694 1792 fortissimi
742 1747 950 1799 milites,
1005 1746 1151 1807 quive
1197 1763 1392 1792 mecum

43 1811 368 1884 „Macedon'es
424 1829 519 1873 huc
563 1828 763 1874 venistis
809 1830 954 1889 quive
998 1832 1168 1874 Persae
1209 1830 1395 1890 experti

49 1912 349 1973 „imperium
383 1922 495 1973 post
526 1911 785 1957 victoriam
828 1927 956 1956 nunc
999 1911 1125 1956 mihi
1171 1912 1395 1957 conmili-

47 1997 208 2051 „tium
239 1993 555 2056 profitemini.
589 1994 743 2057 Igitur
777 1994 828 2038 in
852 2009 1113 2040 commune
1133 1994 1273 2040 Vobis
1298 1995 1396 2040 dic-

48 2091 187 2136 „tum
219 2079 314 2124 hoc
348 2076 600 2129 habetote,
640 2076 770 2138 quod
816 2077 856 2122 si
891 2095 970 2123 me
1022 2077 1181 2122 solum
1224 2077 1296 2122 ire
1342 2078 1394 2122 in

50 2160 226 2217 „Indos
273 2178 540 2224 eorumque
584 2159 712 2205 bella
758 2159 981 2206 decrestis
1005 2158 1078 2213 (Β),
1122 2159 1300 2206 Faciam
1345 2159 1397 2206 id

47 2245 276 2308 „quidem
308 2244 578 2307 intrepidus
613 2260 667 2290 ac
711 2243 882 2289 libens.
934 2243 1198 2290 Enimvero
1246 2261 1396 2289 unum

47 2328 374 2384 „admoneam
409 2327 541 2389 quod
576 2327 911 2380 adtestemini,
948 2327 1074 2372 nihil
1095 2334 1192 2375 esse
1213 2329 1396 2374 mirum

93 2526 145 2561 (a)
169 2528 250 2557 Cod.
278 2527 476 2556 Persarum.
516 2524 563 2558 (b)
589 2525 674 2556 eod.
698 2526 737 2554 η’.
779 2528 827 2558 (c)
853 2524 934 2556 Cod.
961 2524 1114 2556 decretis.
