1752 3116
533 256 887 305 ALEXANDRI
1331 265 1384 305 83

135 375 319 421 CXVII.
355 373 501 422 Exim
530 384 810 423 constanter
835 376 1034 425 suadere
1066 378 1248 424 milites
1283 377 1385 443 regi
1431 401 1590 437 Alexan-

36 457 342 518 conspirant‚
411 476 473 506 ne
527 475 628 506 sese
676 460 879 506 ulterius
932 461 1140 524 periculi
1196 462 1385 506 vilitate
1403 458 1498 549 gfffB
1525 471 1589 517 *fe-

1429 525 1456 548 it
1504 526 1590 559 aoy-

39 537 253 601 dampno
287 553 451 588 tamen
487 542 539 587 in
572 543 773 604 proeliis
808 543 1087 591 abuteretur
1119 543 1245 590 tanti
1274 560 1532 606 P1'⁰·10nem.

37 620 176 686 digus
199 622 251 655 (α)
277 625 547 689 sanguinis:
584 623 907 689 obtinentque
935 644 999 674 ne
1025 628 1178 681 ultra,
1213 642 1384 673 verum

35 703 287 766 Babylona
335 718 392 752 ut
433 706 619 754 redeat:
679 708 1036 771 Babyloniique
1078 711 1237 756 multo
1273 725 1388 755 cum

35 787 221 834 honore
244 781 525 852 suscipiunt.
580 796 671 838 Per
698 804 884 854 septem
911 793 1119 855 denique
1157 793 1256 839 dies
1280 793 1388 839 Ale-

36 869 217 917 xander
241 889 296 920 eo
330 890 566 939 regressus
590 874 698 920 Diis
726 874 962 923 sacrificio
991 888 1232 938 operatur,
1268 891 1388 938 quos

36 951 264 1001 fortunae
295 969 458 1019 gratus
480 951 528 989 (ὅ)
562 970 849 1020 repensaret.

137 1041 344 1085 CXVIII.
400 1044 517 1086 Post
567 1038 620 1085 id
671 1041 908 1087 conviviis
963 1053 1013 1086 et
1055 1041 1390 1104 voluptatibus
1469 1050 1622 1083 Causam

40 1121 341 1168 comioribus
366 1123 411 1156 (θ)
445 1139 638 1170 causam
671 1124 820 1169 morti
854 1124 969 1170 hinc
996 1125 1142 1172 dedit.
1193 1131 1389 1172 Morem
1405 1106 1621 1210 {22ssth⁰ae

35 1203 132 1250 sibi
166 1222 388 1267 proceres
421 1209 659 1253 exercitus
695 1206 931 1259 fecerant,
970 1210 1046 1254 uti
1080 1211 1260 1254 mutuis
1290 1227 1391 1256 sese

41 1289 280 1335 conviviis
316 1290 603 1351 acciperent,
662 1289 808 1333 Enim
842 1306 953 1334 cum
975 1290 1105 1337 forte
1128 1291 1257 1353 apud
1285 1293 1392 1337 Me-

40 1369 177 1417 dium
232 1374 547 1419 convivarent
600 1373 951 1419 comessatione
995 1390 1044 1420 se
1085 1374 1184 1419 illis
1230 1373 1395 1419 convi-

41 1471 152 1501 vam
176 1453 230 1487 (ά)
264 1456 532 1502 Alexander
576 1455 705 1500 facit.
772 1456 948 1501 Statim
993 1455 1169 1502 deinde
1191 1456 1239 1489 (θ)
1274 1461 1397 1502 Her·

43 1538 166 1584 culis
200 1538 393 1585 Medius
430 1539 667 1600 scyphum
702 1537 852 1584 offert
888 1537 947 1583 ad
983 1541 1118 1585 vina:
1163 1556 1321 1602 neque
1355 1539 1396 1584 is

43 1618 286 1667 honorem
312 1622 403 1667 Dei
434 1624 634 1670 nomine
660 1634 959 1685 aspernatus,
995 1629 1231 1685 poculum
1264 1637 1397 1667 com-

41 1706 148 1767 plet
191 1706 480 1770 stringitque
523 1707 760 1753 continuo
791 1704 872 1751 ffl:
954 1722 1103 1767 eaque
1153 1717 1397 1751 tantarum

41 1787 286 1834 virtutum
319 1789 426 1835 viro
462 1805 600 1835 causa
635 1788 694 1834 ad
730 1801 943 1837 mortem
977 1789 1105 1834 fuit:
1149 1800 1205 1833 ut
1249 1804 1396 1849 quern

41 1883 119 1918 tot
166 1869 308 1917 bellis
361 1873 556 1918 adversa
602 1874 804 1918 vulnera
850 1888 950 1918 non
1000 1872 1242 1924 vicerant,
1303 1869 1393 1916 sub

41 1954 133 2001 fati
167 1955 351 2001 invidia
388 1955 613 2011 iuvenilis
649 1954 944 2001 confidentia
978 1954 1201 2001 solveret.

145 2042 306 2086 CXIX.
344 2040 489 2087 Cuius
525 2056 587 2086 ne
620 2055 751 2085 casus
778 2039 1062 2101 priusquam
1097 2036 1320 2082 laudium
1341 2034 1393 2074 (ἕ)
1466 2047 1623 2083 Alexan-

44 2138 238 2169 memor
272 2124 387 2177 sim,
425 2140 477 2169 ea
515 2140 709 2186 quoque
737 2139 917 2185 ponam
951 2121 1030 2167 hic
1060 2137 1180 2183 quae
1214 2138 1301 2183 per
1325 2118 1395 2164 di·
1411 2105 1628 2196 {lfgrciffisad

46 2206 297 2271 ligentiam
333 2206 588 2254 laboravit.
666 2206 857 2269 Quippe
893 2205 1111 2268 quamvis
1146 2202 1394 2249 bellorum
1411 2220 1605 2253 columnas.

48 2288 175 2335 ultra
229 2302 474 2353 pertaesus
527 2290 799 2336 consulenti
855 2305 942 2351 per
990 2304 1039 2334 se
1064 2284 1115 2320 (ἢ)
1161 2286 1395 2334 exercitui

48 2372 356 2428 concederet,
404 2372 538 2420 bono
585 2386 748 2420 tamen
792 2371 952 2418 labori
984 2372 1196 2418 nihilum
1231 2386 1398 2432 peper-

91 2553 156 2586 (α)
182 2552 256 2583 eod
299 2559 399 2583 tanea
432 2552 593 2594 prodigii.
630 2551 688 2587 (h)
715 2551 784 2580 Cod
820 2560 977 2591 gramen.
1016 2551 1069 2584 (c,¹
1106 2550 1189 2579 cod.
1221 2550 1396 2581 comitiori-

47 2598 117 2632 bus.
162 2601 222 2637 (d)
255 2604 339 2632 cod.
373 2605 527 2633 convivio.
573 2605 629 2636 (ε’
667 2602 747 2629 cod.
782 2601 935 2641 denique.
981 2601 1038 2638 (f)
1075 2600 1158 2630 Cod.
1189 2602 1391 2631 continuum.

52 2653 116 2692 (g)
142 2653 192 2682 lta
215 2653 292 2683 cod.
319 2653 462 2683 Confer.
489 2662 562 2690 cap.
581 2661 657 2682 cxx.
684 2661 717 2689 p.
742 2653 795 2685 75.
819 2662 854 2680 n.
883 2663 912 2681 ι.
951 2649 1005 2686 (ἢ)
1028 2654 1077 2727 1121
1102 2650 1177 2681 cod.

1066 2711 1084 2731 ,1
