<?xml version="1.0" encoding="UTF-8"?>
<!DOCTYPE html PUBLIC "-//W3C//DTD XHTML 1.0 Transitional//EN"
    "http://www.w3.org/TR/xhtml1/DTD/xhtml1-transitional.dtd">
<html xmlns="http://www.w3.org/1999/xhtml" xml:lang="en" lang="en">
 <head>
  <title>
</title>
<meta http-equiv="Content-Type" content="text/html;charset=utf-8" />
  <meta name='ocr-system' content='tesseract 3.04.00' />
  <meta name='ocr-capabilities' content='ocr_page ocr_carea ocr_par ocr_line ocrx_word'/>
</head>
<body>
  <div class='ocr_page' id='page_1' title='image "./itinerariumalexa00maiauoft_0133.png"; bbox 0 0 1752 3116; ppageno 0'>
   <div class='ocr_carea' id='block_1_1' title="bbox 538 176 1389 223">
    <p class='ocr_par' dir='ltr' id='par_1_1' title="bbox 538 176 1389 223">
     <span class='ocr_line' id='line_1_1' title="bbox 538 176 1389 223; baseline 0.002 -5"><span class='ocrx_word' id='word_1_1' title='bbox 538 177 642 218; x_wconf 89' lang='lat' dir='ltr'>SEV</span> <span class='ocrx_word' id='word_1_2' title='bbox 671 176 844 223; x_wconf 80' lang='lat' dir='ltr'>LIBER</span> <span class='ocrx_word' id='word_1_3' title='bbox 873 177 906 217; x_wconf 93' lang='lat'>1.</span> <span class='ocrx_word' id='word_1_4' title='bbox 1313 185 1389 220; x_wconf 75' lang='lat'>129</span> 
     </span>
    </p>
   </div>
   <div class='ocr_carea' id='block_1_2' title="bbox 8 288 1626 1850">
    <p class='ocr_par' dir='ltr' id='par_1_2' title="bbox 8 288 1626 1850">
     <span class='ocr_line' id='line_1_2' title="bbox 8 288 1388 352; baseline 0.001 -16"><span class='ocrx_word' id='word_1_5' title='bbox 8 291 14 298; x_wconf 86' lang='grc'><strong><em>’</em></strong></span> <span class='ocrx_word' id='word_1_6' title='bbox 47 288 216 337; x_wconf 86' lang='lat' dir='ltr'>silibus</span> <span class='ocrx_word' id='word_1_7' title='bbox 242 289 298 322; x_wconf 57' lang='grc' dir='ltr'>(α)</span> <span class='ocrx_word' id='word_1_8' title='bbox 343 289 545 336; x_wconf 85' lang='lat' dir='ltr'>fiumina</span> <span class='ocrx_word' id='word_1_9' title='bbox 598 307 791 352; x_wconf 87' lang='lat' dir='ltr'>quoque</span> <span class='ocrx_word' id='word_1_10' title='bbox 835 290 1092 338; x_wconf 84' lang='lat' dir='ltr'><strong>duodecim</strong></span> <span class='ocrx_word' id='word_1_11' title='bbox 1136 293 1388 338; x_wconf 84' lang='lat' dir='ltr'>intererra-</span> 
     </span>
     <span class='ocr_line' id='line_1_3' title="bbox 45 372 1384 437; baseline 0.001 -18"><span class='ocrx_word' id='word_1_12' title='bbox 45 372 187 428; x_wconf 86' lang='lat' dir='ltr'>bant,</span> <span class='ocrx_word' id='word_1_13' title='bbox 239 375 420 436; x_wconf 85' lang='lat' dir='ltr'>pariter</span> <span class='ocrx_word' id='word_1_14' title='bbox 455 373 618 421; x_wconf 85' lang='lat' dir='ltr'>omnia</span> <span class='ocrx_word' id='word_1_15' title='bbox 663 375 905 437; x_wconf 81' lang='lat' dir='ltr'>vergentia</span> <span class='ocrx_word' id='word_1_16' title='bbox 940 375 1117 420; x_wconf 85' lang='lat' dir='ltr'>iuxtim</span> <span class='ocrx_word' id='word_1_17' title='bbox 1150 377 1202 420; x_wconf 86' lang='lat' dir='ltr'>in</span> <span class='ocrx_word' id='word_1_18' title='bbox 1237 392 1384 430; x_wconf 81' lang='lat' dir='ltr'>mare,</span> 
     </span>
     <span class='ocr_line' id='line_1_4' title="bbox 43 456 1388 504; baseline 0.001 -3"><span class='ocrx_word' id='word_1_19' title='bbox 43 456 187 502; x_wconf 84' lang='lat' dir='ltr'>sicuti</span> <span class='ocrx_word' id='word_1_20' title='bbox 230 473 361 503; x_wconf 88' lang='lat' dir='ltr'>nunc</span> <span class='ocrx_word' id='word_1_21' title='bbox 397 459 545 504; x_wconf 82' lang='lat' dir='ltr'>etiam</span> <span class='ocrx_word' id='word_1_22' title='bbox 590 456 650 502; x_wconf 87' lang='lat' dir='ltr'>ad</span> <span class='ocrx_word' id='word_1_23' title='bbox 691 458 980 503; x_wconf 85' lang='lat' dir='ltr'><strong>memoriam</strong></span> <span class='ocrx_word' id='word_1_24' title='bbox 1023 459 1199 504; x_wconf 81' lang='lat' dir='ltr'>veteris</span> <span class='ocrx_word' id='word_1_25' title='bbox 1240 459 1388 504; x_wconf 81' lang='lat' dir='ltr'>insul-</span> 
     </span>
     <span class='ocr_line' id='line_1_5' title="bbox 43 540 1387 604; baseline 0.004 -22"><span class='ocrx_word' id='word_1_26' title='bbox 43 540 249 586; x_wconf 78' lang='lat' dir='ltr'>cationis</span> <span class='ocrx_word' id='word_1_27' title='bbox 293 540 434 586; x_wconf 81' lang='lat' dir='ltr'>datur</span> <span class='ocrx_word' id='word_1_28' title='bbox 477 541 644 586; x_wconf 88' lang='lat' dir='ltr'>visere.</span> <span class='ocrx_word' id='word_1_29' title='bbox 716 541 904 603; x_wconf 81' lang='lat' dir='ltr'>Quippe</span> <span class='ocrx_word' id='word_1_30' title='bbox 950 541 1170 602; x_wconf 87' lang='lat' dir='ltr'>quamvis</span> <span class='ocrx_word' id='word_1_31' title='bbox 1217 557 1387 604; x_wconf 79' lang='lat' dir='ltr'>conge-</span> 
     </span>
     <span class='ocr_line' id='line_1_6' title="bbox 41 623 1388 684; baseline 0.002 -18"><span class='ocrx_word' id='word_1_32' title='bbox 41 632 120 667; x_wconf 89' lang='lat' dir='ltr'>stu</span> <span class='ocrx_word' id='word_1_33' title='bbox 153 635 318 684; x_wconf 81' lang='lat' dir='ltr'>postea</span> <span class='ocrx_word' id='word_1_34' title='bbox 361 624 457 669; x_wconf 79' lang='lat' dir='ltr'>sint</span> <span class='ocrx_word' id='word_1_35' title='bbox 497 623 557 668; x_wconf 83' lang='lat' dir='ltr'>ad</span> <span class='ocrx_word' id='word_1_36' title='bbox 607 623 828 684; x_wconf 83' lang='lat' dir='ltr'>aequoris</span> <span class='ocrx_word' id='word_1_37' title='bbox 871 623 995 670; x_wconf 87' lang='lat' dir='ltr'>uniti</span> <span class='ocrx_word' id='word_1_38' title='bbox 1042 623 1218 670; x_wconf 85' lang='lat' dir='ltr'>faciem</span> <span class='ocrx_word' id='word_1_39' title='bbox 1255 641 1388 669; x_wconf 80' lang='lat' dir='ltr'>exae-</span> 
     </span>
     <span class='ocr_line' id='line_1_7' title="bbox 43 703 1385 768; baseline 0.001 -20"><span class='ocrx_word' id='word_1_40' title='bbox 43 715 210 766; x_wconf 82' lang='lat' dir='ltr'>quata,</span> <span class='ocrx_word' id='word_1_41' title='bbox 255 706 472 768; x_wconf 83' lang='lat' dir='ltr'>quisquis</span> <span class='ocrx_word' id='word_1_42' title='bbox 506 719 666 751; x_wconf 78' lang='lat' dir='ltr'>tamen</span> <span class='ocrx_word' id='word_1_43' title='bbox 704 705 790 749; x_wconf 82' lang='lat' dir='ltr'>ille</span> <span class='ocrx_word' id='word_1_44' title='bbox 825 703 994 751; x_wconf 77' lang='lat' dir='ltr'>ductus</span> <span class='ocrx_word' id='word_1_45' title='bbox 1031 705 1240 752; x_wconf 83' lang='lat' dir='ltr'>fluminis</span> <span class='ocrx_word' id='word_1_46' title='bbox 1276 706 1385 759; x_wconf 87' lang='lat' dir='ltr'>fuit,</span> 
     </span>
     <span class='ocr_line' id='line_1_8' title="bbox 39 786 1383 851; baseline 0.004 -20"><span class='ocrx_word' id='word_1_47' title='bbox 39 786 81 832; x_wconf 87' lang='lat' dir='ltr'>is</span> <span class='ocrx_word' id='word_1_48' title='bbox 123 803 252 834; x_wconf 87' lang='lat' dir='ltr'>nunc</span> <span class='ocrx_word' id='word_1_49' title='bbox 292 790 464 851; x_wconf 84' lang='lat' dir='ltr'>plateis</span> <span class='ocrx_word' id='word_1_50' title='bbox 512 787 639 850; x_wconf 84' lang='lat' dir='ltr'>apud</span> <span class='ocrx_word' id='word_1_51' title='bbox 674 788 1014 834; x_wconf 78' lang='lat' dir='ltr'>Alexandriam</span> <span class='ocrx_word' id='word_1_52' title='bbox 1060 801 1239 836; x_wconf 80' lang='lat' dir='ltr'>tractus</span> <span class='ocrx_word' id='word_1_53' title='bbox 1285 802 1383 836; x_wconf 86' lang='lat' dir='ltr'>est:</span> 
     </span>
     <span class='ocr_line' id='line_1_9' title="bbox 39 868 1383 933; baseline 0.004 -19"><span class='ocrx_word' id='word_1_54' title='bbox 39 868 123 914; x_wconf 72' lang='lat' dir='ltr'>sed</span> <span class='ocrx_word' id='word_1_55' title='bbox 169 871 264 918; x_wconf 87' lang='lat' dir='ltr'>duo</span> <span class='ocrx_word' id='word_1_56' title='bbox 312 884 503 917; x_wconf 82' lang='lat' dir='ltr'>tantum</span> <span class='ocrx_word' id='word_1_57' title='bbox 549 872 786 933; x_wconf 68' lang='lat' dir='ltr'>ingressus</span> <span class='ocrx_word' id='word_1_58' title='bbox 830 871 1083 919; x_wconf 83' lang='lat' dir='ltr'>fluminum</span> <span class='ocrx_word' id='word_1_59' title='bbox 1131 875 1383 919; x_wconf 82' lang='lat' dir='ltr'>reservati:</span> 
     </span>
     <span class='ocr_line' id='line_1_10' title="bbox 40 954 1388 1020; baseline 0.001 -22"><span class='ocrx_word' id='word_1_60' title='bbox 40 955 187 998; x_wconf 84' lang='lat' dir='ltr'>ceteri</span> <span class='ocrx_word' id='word_1_61' title='bbox 222 957 422 1000; x_wconf 87' lang='lat' dir='ltr'>nomina</span> <span class='ocrx_word' id='word_1_62' title='bbox 453 954 667 1017; x_wconf 78' lang='lat' dir='ltr'>partibus</span> <span class='ocrx_word' id='word_1_63' title='bbox 704 955 873 1016; x_wconf 84' lang='lat' dir='ltr'>oppidi</span> <span class='ocrx_word' id='word_1_64' title='bbox 901 957 1261 1016; x_wconf 76' lang='lat' dir='ltr'>praestiterunt.</span> <span class='ocrx_word' id='word_1_65' title='bbox 1296 956 1388 1020; x_wconf 84' lang='lat' dir='ltr'>Igi-</span> 
     </span>
     <span class='ocr_line' id='line_1_11' title="bbox 40 1033 1387 1100; baseline 0.002 -20"><span class='ocrx_word' id='word_1_66' title='bbox 40 1047 123 1081; x_wconf 86' lang='lat' dir='ltr'>tur</span> <span class='ocrx_word' id='word_1_67' title='bbox 155 1033 203 1070; x_wconf 66' lang='lat' dir='ltr'><em>(l’)</em></span> <span class='ocrx_word' id='word_1_68' title='bbox 237 1055 382 1084; x_wconf 85' lang='lat' dir='ltr'>omne</span> <span class='ocrx_word' id='word_1_69' title='bbox 412 1041 625 1100; x_wconf 79' lang='lat' dir='ltr'>spatium</span> <span class='ocrx_word' id='word_1_70' title='bbox 666 1056 723 1083; x_wconf 88' lang='lat' dir='ltr'>eo</span> <span class='ocrx_word' id='word_1_71' title='bbox 765 1040 900 1091; x_wconf 84' lang='lat' dir='ltr'>loco,</span> <span class='ocrx_word' id='word_1_72' title='bbox 951 1039 1028 1084; x_wconf 89' lang='lat' dir='ltr'>cui</span> <span class='ocrx_word' id='word_1_73' title='bbox 1062 1038 1387 1083; x_wconf 75' lang='lat' dir='ltr'>Interdidium</span> 
     </span>
     <span class='ocr_line' id='line_1_12' title="bbox 41 1121 1387 1183; baseline 0.001 -17"><span class='ocrx_word' id='word_1_74' title='bbox 41 1132 177 1167; x_wconf 86' lang='lat' dir='ltr'>vetus</span> <span class='ocrx_word' id='word_1_75' title='bbox 212 1137 393 1167; x_wconf 78' lang='lat' dir='ltr'>nomen</span> <span class='ocrx_word' id='word_1_76' title='bbox 430 1134 525 1176; x_wconf 82' lang='lat' dir='ltr'>est,</span> <span class='ocrx_word' id='word_1_77' title='bbox 581 1138 733 1183; x_wconf 83' lang='lat' dir='ltr'>usque</span> <span class='ocrx_word' id='word_1_78' title='bbox 778 1121 838 1166; x_wconf 82' lang='lat' dir='ltr'>ad</span> <span class='ocrx_word' id='word_1_79' title='bbox 873 1122 1218 1183; x_wconf 84' lang='lat' dir='ltr'>Hermopolim</span> <span class='ocrx_word' id='word_1_80' title='bbox 1253 1122 1387 1168; x_wconf 85' lang='lat' dir='ltr'>urbis</span> 
     </span>
     <span class='ocr_line' id='line_1_13' title="bbox 40 1203 1386 1267; baseline 0.001 -18"><span class='ocrx_word' id='word_1_81' title='bbox 40 1204 143 1249; x_wconf 81' lang='lat' dir='ltr'>eius</span> <span class='ocrx_word' id='word_1_82' title='bbox 169 1203 355 1249; x_wconf 79' lang='lat' dir='ltr'>ambitu</span> <span class='ocrx_word' id='word_1_83' title='bbox 378 1206 424 1236; x_wconf 71' lang='lat'>(⁰)</span> <span class='ocrx_word' id='word_1_84' title='bbox 459 1218 750 1267; x_wconf 87' lang='lat' dir='ltr'>occupatum</span> <span class='ocrx_word' id='word_1_85' title='bbox 777 1216 860 1248; x_wconf 85' lang='lat' dir='ltr'>est.</span> <span class='ocrx_word' id='word_1_86' title='bbox 926 1204 1019 1250; x_wconf 84' lang='lat' dir='ltr'>Sed</span> <span class='ocrx_word' id='word_1_87' title='bbox 1047 1205 1179 1249; x_wconf 87' lang='lat' dir='ltr'>enim</span> <span class='ocrx_word' id='word_1_88' title='bbox 1208 1221 1386 1250; x_wconf 87' lang='lat' dir='ltr'>nomen</span> 
     </span>
     <span class='ocr_line' id='line_1_14' title="bbox 39 1285 1390 1351; baseline 0 -19"><span class='ocrx_word' id='word_1_89' title='bbox 39 1288 135 1334; x_wconf 89' lang='lat' dir='ltr'>hoc</span> <span class='ocrx_word' id='word_1_90' title='bbox 170 1288 315 1351; x_wconf 73' lang='lat' dir='ltr'>longe</span> <span class='ocrx_word' id='word_1_91' title='bbox 350 1304 481 1333; x_wconf 83' lang='lat' dir='ltr'>secus</span> <span class='ocrx_word' id='word_1_92' title='bbox 520 1304 572 1333; x_wconf 74' lang='lat' dir='ltr'>ac</span> <span class='ocrx_word' id='word_1_93' title='bbox 608 1304 656 1333; x_wconf 84' lang='lat' dir='ltr'>se</span> <span class='ocrx_word' id='word_1_94' title='bbox 691 1285 866 1332; x_wconf 82' lang='lat' dir='ltr'>veritas</span> <span class='ocrx_word' id='word_1_95' title='bbox 911 1287 1057 1333; x_wconf 83' lang='lat' dir='ltr'>habet</span> <span class='ocrx_word' id='word_1_96' title='bbox 1089 1289 1141 1332; x_wconf 87' lang='lat' dir='ltr'>in</span> <span class='ocrx_word' id='word_1_97' title='bbox 1188 1306 1273 1334; x_wconf 85' lang='lat' dir='ltr'>usu</span> <span class='ocrx_word' id='word_1_98' title='bbox 1309 1305 1390 1350; x_wconf 84' lang='lat' dir='ltr'>ap·</span> 
     </span>
     <span class='ocr_line' id='line_1_15' title="bbox 44 1370 1390 1433; baseline -0.001 -16"><span class='ocrx_word' id='word_1_99' title='bbox 44 1372 325 1433; x_wconf 78' lang='lat' dir='ltr'>pellationis</span> <span class='ocrx_word' id='word_1_100' title='bbox 360 1370 557 1421; x_wconf 79' lang='lat' dir='ltr'>resedit,</span> <span class='ocrx_word' id='word_1_101' title='bbox 592 1374 781 1417; x_wconf 86' lang='lat' dir='ltr'>Hormo</span> <span class='ocrx_word' id='word_1_102' title='bbox 808 1370 941 1415; x_wconf 87' lang='lat' dir='ltr'>enim</span> <span class='ocrx_word' id='word_1_103' title='bbox 970 1371 1098 1432; x_wconf 82' lang='lat' dir='ltr'>polis</span> <span class='ocrx_word' id='word_1_104' title='bbox 1134 1388 1234 1416; x_wconf 89' lang='lat' dir='ltr'>non</span> <span class='ocrx_word' id='word_1_105' title='bbox 1270 1375 1390 1416; x_wconf 86' lang='lat' dir='ltr'>Her·</span> 
     </span>
     <span class='ocr_line' id='line_1_16' title="bbox 43 1452 1390 1516; baseline -0.001 -16"><span class='ocrx_word' id='word_1_106' title='bbox 43 1454 257 1516; x_wconf 82' lang='lat' dir='ltr'>mopolis</span> <span class='ocrx_word' id='word_1_107' title='bbox 293 1453 420 1498; x_wconf 81' lang='lat' dir='ltr'>dicta</span> <span class='ocrx_word' id='word_1_108' title='bbox 457 1465 549 1506; x_wconf 81' lang='lat' dir='ltr'>est,</span> <span class='ocrx_word' id='word_1_109' title='bbox 609 1452 740 1513; x_wconf 84' lang='lat' dir='ltr'>quod</span> <span class='ocrx_word' id='word_1_110' title='bbox 774 1453 1051 1514; x_wconf 70' lang='lat' dir='ltr'>poi-tuosius</span> <span class='ocrx_word' id='word_1_111' title='bbox 1087 1454 1190 1498; x_wconf 83' lang='lat' dir='ltr'>illic</span> <span class='ocrx_word' id='word_1_112' title='bbox 1226 1454 1390 1498; x_wconf 84' lang='lat' dir='ltr'>alveus</span> 
     </span>
     <span class='ocr_line' id='line_1_17' title="bbox 41 1534 1391 1598; baseline -0.004 -16"><span class='ocrx_word' id='word_1_113' title='bbox 41 1537 147 1583; x_wconf 90' lang='lat' dir='ltr'>Nili</span> <span class='ocrx_word' id='word_1_114' title='bbox 192 1536 433 1598; x_wconf 82' lang='lat' dir='ltr'>latiusque</span> <span class='ocrx_word' id='word_1_115' title='bbox 474 1537 526 1581; x_wconf 86' lang='lat' dir='ltr'>in</span> <span class='ocrx_word' id='word_1_116' title='bbox 571 1537 720 1581; x_wconf 81' lang='lat' dir='ltr'>latera</span> <span class='ocrx_word' id='word_1_117' title='bbox 758 1535 1065 1590; x_wconf 78' lang='lat' dir='ltr'>descendens,</span> <span class='ocrx_word' id='word_1_118' title='bbox 1115 1534 1263 1581; x_wconf 80' lang='lat' dir='ltr'>fidam</span> <span class='ocrx_word' id='word_1_119' title='bbox 1299 1548 1391 1582; x_wconf 80' lang='lat' dir='ltr'>sta-.</span> 
     </span>
     <span class='ocr_line' id='line_1_18' title="bbox 42 1617 1319 1680; baseline 0 -14"><span class='ocrx_word' id='word_1_120' title='bbox 42 1620 227 1666; x_wconf 87' lang='lat' dir='ltr'>tionem</span> <span class='ocrx_word' id='word_1_121' title='bbox 245 1618 298 1651; x_wconf 65' lang='lat' dir='ltr'>(d)</span> <span class='ocrx_word' id='word_1_122' title='bbox 334 1618 538 1664; x_wconf 81' lang='lat' dir='ltr'>navibus</span> <span class='ocrx_word' id='word_1_123' title='bbox 568 1635 655 1680; x_wconf 88' lang='lat' dir='ltr'>per</span> <span class='ocrx_word' id='word_1_124' title='bbox 685 1635 785 1663; x_wconf 79' lang='lat' dir='ltr'>sese</span> <span class='ocrx_word' id='word_1_125' title='bbox 822 1617 1094 1665; x_wconf 86' lang='lat' dir='ltr'>labentibus</span> <span class='ocrx_word' id='word_1_126' title='bbox 1124 1619 1319 1670; x_wconf 80' lang='lat' dir='ltr'>faceret.</span> 
     </span>
     <span class='ocr_line' id='line_1_19' title="bbox 139 1700 1624 1767; baseline 0.003 -18"><span class='ocrx_word' id='word_1_127' title='bbox 139 1707 265 1749; x_wconf 89' lang='lat' dir='ltr'>XXI.</span> <span class='ocrx_word' id='word_1_128' title='bbox 301 1708 439 1749; x_wconf 85' lang='lat' dir='ltr'>Hanc</span> <span class='ocrx_word' id='word_1_129' title='bbox 473 1702 623 1767; x_wconf 81' lang='lat' dir='ltr'>igitur</span> <span class='ocrx_word' id='word_1_130' title='bbox 656 1700 829 1746; x_wconf 86' lang='lat' dir='ltr'>urbem</span> <span class='ocrx_word' id='word_1_131' title='bbox 871 1703 1084 1749; x_wconf 88' lang='lat' dir='ltr'>nominis</span> <span class='ocrx_word' id='word_1_132' title='bbox 1118 1704 1192 1750; x_wconf 87' lang='lat' dir='ltr'>sui</span> <span class='ocrx_word' id='word_1_133' title='bbox 1228 1705 1391 1766; x_wconf 83' lang='lat' dir='ltr'>appel·</span> <span class='ocrx_word' id='word_1_134' title='bbox 1463 1719 1624 1754; x_wconf 81' lang='lat' dir='ltr'>Alexan·</span> 
     </span>
     <span class='ocr_line' id='line_1_20' title="bbox 41 1774 1626 1850; baseline 0 -18"><span class='ocrx_word' id='word_1_135' title='bbox 41 1787 226 1833; x_wconf 84' lang='lat' dir='ltr'>latione</span> <span class='ocrx_word' id='word_1_136' title='bbox 273 1786 495 1850; x_wconf 81' lang='lat' dir='ltr'>dignatus</span> <span class='ocrx_word' id='word_1_137' title='bbox 540 1786 592 1829; x_wconf 91' lang='lat' dir='ltr'>in</span> <span class='ocrx_word' id='word_1_138' title='bbox 628 1801 854 1837; x_wconf 85' lang='lat' dir='ltr'>omnem,</span> <span class='ocrx_word' id='word_1_139' title='bbox 904 1798 1140 1845; x_wconf 86' lang='lat' dir='ltr'>quantum</span> <span class='ocrx_word' id='word_1_140' title='bbox 1186 1787 1278 1831; x_wconf 85' lang='lat' dir='ltr'>visi</span> <span class='ocrx_word' id='word_1_141' title='bbox 1313 1786 1391 1832; x_wconf 85' lang='lat' dir='ltr'>da·</span> <span class='ocrx_word' id='word_1_142' title='bbox 1408 1774 1494 1809; x_wconf 81' lang='lat' dir='ltr'>driae</span> <span class='ocrx_word' id='word_1_143' title='bbox 1510 1778 1626 1812; x_wconf 40' lang='lat'>³¹⁰¹*</span> 
     </span>
    </p>
   </div>
   <div class='ocr_carea' id='block_1_3' title="bbox 40 1840 1504 1936">
    <p class='ocr_par' dir='ltr' id='par_1_3' title="bbox 40 1840 1504 1936">
     <span class='ocr_line' id='line_1_21' title="bbox 40 1840 1504 1936; baseline -0.001 -20"><span class='ocrx_word' id='word_1_144' title='bbox 40 1881 141 1925; x_wconf 84' lang='lat' dir='ltr'>tur,</span> <span class='ocrx_word' id='word_1_145' title='bbox 177 1869 593 1936; x_wconf 82' lang='lat' dir='ltr'>magnificentiam</span> <span class='ocrx_word' id='word_1_146' title='bbox 627 1866 868 1913; x_wconf 81' lang='lat' dir='ltr'>laboravit</span> <span class='ocrx_word' id='word_1_147' title='bbox 891 1865 964 1912; x_wconf 59' lang='grc' dir='ltr'>(ὓς</span> <span class='ocrx_word' id='word_1_148' title='bbox 1002 1868 1223 1929; x_wconf 78' lang='lat' dir='ltr'>quamvis</span> <span class='ocrx_word' id='word_1_149' title='bbox 1255 1840 1504 1915; x_wconf 55' lang='lat' dir='ltr'>Cleo-teon.</span> 
     </span>
    </p>
   </div>
   <div class='ocr_carea' id='block_1_4' title="bbox 38 2031 1390 2167">
    <p class='ocr_par' dir='ltr' id='par_1_4' title="bbox 38 2031 1390 2167">
     <span class='ocr_line' id='line_1_22' title="bbox 85 2031 1390 2068; baseline -0.001 -4"><span class='ocrx_word' id='word_1_150' title='bbox 85 2037 137 2068; x_wconf 85' lang='lat' dir='ltr'>(a)</span> <span class='ocrx_word' id='word_1_151' title='bbox 161 2037 212 2064; x_wconf 80' lang='lat' dir='ltr'>lta</span> <span class='ocrx_word' id='word_1_152' title='bbox 245 2035 321 2064; x_wconf 82' lang='lat' dir='ltr'>cod.</span> <span class='ocrx_word' id='word_1_153' title='bbox 346 2033 443 2063; x_wconf 77' lang='lat' dir='ltr'><strong>Haud</strong></span> <span class='ocrx_word' id='word_1_154' title='bbox 477 2035 549 2063; x_wconf 66' lang='lat' dir='ltr'>ocio</span> <span class='ocrx_word' id='word_1_155' title='bbox 573 2043 616 2062; x_wconf 81' lang='lat' dir='ltr'>an</span> <span class='ocrx_word' id='word_1_156' title='bbox 647 2032 864 2063; x_wconf 75' lang='lat' dir='ltr'>scribendum</span> <span class='ocrx_word' id='word_1_157' title='bbox 896 2032 940 2060; x_wconf 74' lang='lat' dir='ltr'>sit</span> <span class='ocrx_word' id='word_1_158' title='bbox 971 2031 1024 2062; x_wconf 80' lang='lat' dir='ltr'>his</span> <span class='ocrx_word' id='word_1_159' title='bbox 1050 2031 1196 2062; x_wconf 82' lang='lat' dir='ltr'>sedecim</span> <span class='ocrx_word' id='word_1_160' title='bbox 1223 2031 1390 2064; x_wconf 72' lang='lat' dir='ltr'>senilibus</span> 
     </span>
     <span class='ocr_line' id='line_1_23' title="bbox 38 2080 1389 2124; baseline 0 -12"><span class='ocrx_word' id='word_1_161' title='bbox 38 2089 98 2113; x_wconf 77' lang='lat' dir='ltr'>aut</span> <span class='ocrx_word' id='word_1_162' title='bbox 120 2081 300 2114; x_wconf 72' lang='lat' dir='ltr'>sessibulis.</span> <span class='ocrx_word' id='word_1_163' title='bbox 336 2082 380 2116; x_wconf 80' lang='lat' dir='ltr'>(h)</span> <span class='ocrx_word' id='word_1_164' title='bbox 412 2083 495 2112; x_wconf 84' lang='lat' dir='ltr'>eod.</span> <span class='ocrx_word' id='word_1_165' title='bbox 529 2084 642 2124; x_wconf 77' lang='lat' dir='ltr'>igiter.</span> <span class='ocrx_word' id='word_1_166' title='bbox 673 2084 804 2119; x_wconf 82' lang='lat' dir='ltr'>(scrib.</span> <span class='ocrx_word' id='word_1_167' title='bbox 821 2081 988 2121; x_wconf 69' lang='lat' dir='ltr'>jugiter).</span> <span class='ocrx_word' id='word_1_168' title='bbox 1030 2082 1076 2115; x_wconf 88' lang='lat' dir='ltr'>(c)</span> <span class='ocrx_word' id='word_1_169' title='bbox 1101 2082 1185 2111; x_wconf 88' lang='lat' dir='ltr'>Cod.</span> <span class='ocrx_word' id='word_1_170' title='bbox 1212 2080 1389 2112; x_wconf 69' lang='lat' dir='ltr'>ambitum.</span> 
     </span>
     <span class='ocr_line' id='line_1_24' title="bbox 40 2133 514 2167; baseline -0.004 -4"><span class='ocrx_word' id='word_1_171' title='bbox 40 2133 95 2167; x_wconf 80' lang='lat' dir='ltr'>(d)</span> <span class='ocrx_word' id='word_1_172' title='bbox 120 2133 200 2163; x_wconf 82' lang='lat' dir='ltr'>eod.</span> <span class='ocrx_word' id='word_1_173' title='bbox 234 2134 514 2163; x_wconf 81' lang='lat' dir='ltr'>aestimationem.</span> 
     </span>
    </p>
   </div>
   <div class='ocr_carea' id='block_1_5' title="bbox 49 2257 1394 2533">
    <p class='ocr_par' dir='ltr' id='par_1_5' title="bbox 49 2257 1394 2533">
     <span class='ocr_line' id='line_1_25' title="bbox 105 2257 1391 2310; baseline -0.002 -16"><span class='ocrx_word' id='word_1_174' title='bbox 105 2257 166 2310; x_wconf 88' lang='lat'>(1)</span> <span class='ocrx_word' id='word_1_175' title='bbox 198 2261 293 2296; x_wconf 85' lang='lat' dir='ltr'>Ante</span> <span class='ocrx_word' id='word_1_176' title='bbox 324 2263 364 2294; x_wconf 83' lang='grc' dir='ltr'>Ἰ·</span> <span class='ocrx_word' id='word_1_177' title='bbox 389 2260 575 2294; x_wconf 81' lang='lat' dir='ltr'>Valerium</span> <span class='ocrx_word' id='word_1_178' title='bbox 607 2259 744 2292; x_wconf 84' lang='lat' dir='ltr'>editum</span> <span class='ocrx_word' id='word_1_179' title='bbox 782 2272 886 2293; x_wconf 87' lang='lat' dir='ltr'>nemo</span> <span class='ocrx_word' id='word_1_180' title='bbox 915 2257 1176 2295; x_wconf 77' lang='lat' dir='ltr'>Alexandriam</span> <span class='ocrx_word' id='word_1_181' title='bbox 1211 2258 1391 2303; x_wconf 56' lang='lat' dir='ltr'>copiosius</span> 
     </span>
     <span class='ocr_line' id='line_1_26' title="bbox 49 2315 1394 2363; baseline -0.002 -12"><span class='ocrx_word' id='word_1_182' title='bbox 49 2318 270 2352; x_wconf 85' lang='lat' dir='ltr'>describebat</span> <span class='ocrx_word' id='word_1_183' title='bbox 304 2329 412 2363; x_wconf 84' lang='lat' dir='ltr'>quam</span> <span class='ocrx_word' id='word_1_184' title='bbox 437 2317 562 2351; x_wconf 80' lang='lat' dir='ltr'>Strabo</span> <span class='ocrx_word' id='word_1_185' title='bbox 584 2326 689 2350; x_wconf 80' lang='lat' dir='ltr'>xv11.</span> <span class='ocrx_word' id='word_1_186' title='bbox 717 2328 752 2361; x_wconf 89' lang='lat' dir='ltr'>p.</span> <span class='ocrx_word' id='word_1_187' title='bbox 787 2322 864 2350; x_wconf 85' lang='grc'><strong>791.</strong></span> <span class='ocrx_word' id='word_1_188' title='bbox 895 2324 927 2348; x_wconf 83' lang='lat' dir='ltr'>et</span> <span class='ocrx_word' id='word_1_189' title='bbox 960 2327 1061 2360; x_wconf 82' lang='lat' dir='ltr'>seqq.</span> <span class='ocrx_word' id='word_1_190' title='bbox 1096 2326 1202 2360; x_wconf 81' lang='lat' dir='ltr'>quem</span> <span class='ocrx_word' id='word_1_191' title='bbox 1229 2315 1394 2348; x_wconf 73' lang='lat' dir='ltr'>conferre</span> 
     </span>
     <span class='ocr_line' id='line_1_27' title="bbox 52 2371 1391 2418; baseline -0.003 -10"><span class='ocrx_word' id='word_1_192' title='bbox 52 2387 134 2408; x_wconf 85' lang='lat' dir='ltr'>cum</span> <span class='ocrx_word' id='word_1_193' title='bbox 167 2376 236 2408; x_wconf 89' lang='lat' dir='ltr'>hoc</span> <span class='ocrx_word' id='word_1_194' title='bbox 268 2382 391 2408; x_wconf 87' lang='lat' dir='ltr'>nostro</span> <span class='ocrx_word' id='word_1_195' title='bbox 424 2374 579 2407; x_wconf 86' lang='lat' dir='ltr'>Auctore</span> <span class='ocrx_word' id='word_1_196' title='bbox 613 2372 769 2418; x_wconf 86' lang='lat' dir='ltr'>pretium</span> <span class='ocrx_word' id='word_1_197' title='bbox 800 2384 928 2418; x_wconf 82' lang='lat' dir='ltr'>operae</span> <span class='ocrx_word' id='word_1_198' title='bbox 960 2371 1038 2404; x_wconf 85' lang='lat' dir='ltr'>erit.</span> <span class='ocrx_word' id='word_1_199' title='bbox 1082 2371 1198 2403; x_wconf 87' lang='lat' dir='ltr'>Immo</span> <span class='ocrx_word' id='word_1_200' title='bbox 1221 2371 1391 2417; x_wconf 79' lang='lat' dir='ltr'>quoniam</span> 
     </span>
     <span class='ocr_line' id='line_1_28' title="bbox 54 2426 1393 2478; baseline -0.003 -13"><span class='ocrx_word' id='word_1_201' title='bbox 54 2444 130 2478; x_wconf 87' lang='lat' dir='ltr'>cap.</span> <span class='ocrx_word' id='word_1_202' title='bbox 155 2441 257 2466; x_wconf 83' lang='lat' dir='ltr'><strong>xxv.</strong></span> <span class='ocrx_word' id='word_1_203' title='bbox 281 2431 431 2475; x_wconf 87' lang='lat' dir='ltr'>scriptor</span> <span class='ocrx_word' id='word_1_204' title='bbox 452 2429 510 2462; x_wconf 83' lang='lat' dir='ltr'>hie</span> <span class='ocrx_word' id='word_1_205' title='bbox 538 2429 612 2462; x_wconf 86' lang='lat' dir='ltr'>sive</span> <span class='ocrx_word' id='word_1_206' title='bbox 634 2430 793 2473; x_wconf 85' lang='lat' dir='ltr'>Aesopus</span> <span class='ocrx_word' id='word_1_207' title='bbox 818 2429 893 2461; x_wconf 75' lang='lat' dir='ltr'>sive</span> <span class='ocrx_word' id='word_1_208' title='bbox 917 2426 1083 2462; x_wconf 85' lang='lat' dir='ltr'>Valerius</span> <span class='ocrx_word' id='word_1_209' title='bbox 1107 2438 1144 2460; x_wconf 91' lang='lat' dir='ltr'>se</span> <span class='ocrx_word' id='word_1_210' title='bbox 1165 2427 1285 2472; x_wconf 84' lang='lat' dir='ltr'>prodit</span> <span class='ocrx_word' id='word_1_211' title='bbox 1308 2429 1393 2461; x_wconf 80' lang='lat' dir='ltr'>Ale-</span> 
     </span>
     <span class='ocr_line' id='line_1_29' title="bbox 50 2483 1393 2533; baseline -0.003 -12"><span class='ocrx_word' id='word_1_212' title='bbox 50 2488 290 2530; x_wconf 84' lang='lat' dir='ltr'>xandrinum,</span> <span class='ocrx_word' id='word_1_213' title='bbox 321 2487 386 2521; x_wconf 82' lang='lat' dir='ltr'>hac</span> <span class='ocrx_word' id='word_1_214' title='bbox 411 2485 556 2533; x_wconf 80' lang='lat' dir='ltr'>quidem</span> <span class='ocrx_word' id='word_1_215' title='bbox 579 2485 616 2518; x_wconf 81' lang='lat' dir='ltr'>in</span> <span class='ocrx_word' id='word_1_216' title='bbox 643 2496 680 2517; x_wconf 75' lang='lat' dir='ltr'>re</span> <span class='ocrx_word' id='word_1_217' title='bbox 708 2497 779 2519; x_wconf 84' lang='lat' dir='ltr'>nou</span> <span class='ocrx_word' id='word_1_218' title='bbox 803 2484 1039 2529; x_wconf 78' lang='lat' dir='ltr'>spernendam</span> <span class='ocrx_word' id='word_1_219' title='bbox 1059 2483 1127 2517; x_wconf 83' lang='lat' dir='ltr'>sibi</span> <span class='ocrx_word' id='word_1_220' title='bbox 1147 2484 1304 2518; x_wconf 78' lang='lat' dir='ltr'>vindicat</span> <span class='ocrx_word' id='word_1_221' title='bbox 1329 2496 1393 2517; x_wconf 89' lang='lat' dir='ltr'>au-</span> 
     </span>
    </p>
   </div>
   <div class='ocr_carea' id='block_1_6' title="bbox 43 2545 268 2579">
    <p class='ocr_par' dir='ltr' id='par_1_6' title="bbox 43 2545 268 2579">
     <span class='ocr_line' id='line_1_30' title="bbox 43 2545 268 2579; baseline 0 0"><span class='ocrx_word' id='word_1_222' title='bbox 43 2545 268 2579; x_wconf 59' lang='lat' dir='ltr'>ueritatem.</span> 
     </span>
    </p>
   </div>
   <div class='ocr_carea' id='block_1_7' title="bbox 1061 2609 1090 2653">
    <p class='ocr_par' dir='ltr' id='par_1_7' title="bbox 1061 2609 1090 2653">
     <span class='ocr_line' id='line_1_31' title="bbox 1061 2609 1090 2653; baseline 0 0"><span class='ocrx_word' id='word_1_223' title='bbox 1061 2609 1090 2653; x_wconf 83' lang='lat'>9</span> 
     </span>
    </p>
   </div>
  </div>
 </body>
</html>
