1752 3116
120 1715 318 1750 Alexandri

102 1775 242 1806 litterae
273 1774 318 1806 ad

104 1831 248 1874 Tyrios.

324 176 342 208 1
352 173 402 209 '50
707 168 1061 210 ALEXANDRI
1096 170 1279 211 ORTVS

323 283 463 328 mille
495 284 643 329 etiam
666 300 777 329 cum
805 281 1126 343 cataphractis
1149 282 1278 329 viros
1302 284 1500 346 accipit,
1537 283 1669 346 quod

325 378 595 413 armaturae
640 382 785 430 genus
833 365 1034 411 orientis
1067 365 1287 413 inventio
1333 379 1428 413 est:
1480 384 1533 413 ac
1564 379 1671 412 tum

324 455 515 510 Tyrum
550 450 757 496 advenit.
827 447 920 495 Sed
954 448 1086 495 enim
1121 449 1260 510 Tyrii
1295 449 1551 497 moenibus
1588 449 1673 496 ob-

325 534 492 580 seratis
541 532 600 578 ab
655 533 871 597 ingressu
927 532 1100 595 oppidi
1143 548 1303 579 arcere
1344 532 1676 581 Alexandrum

326 616 728 670 obfirmaverant,
783 632 884 662 non
930 627 1217 677 contemptu
1260 617 1447 663 scilicet
1492 616 1676 662 virium

324 701 451 745 tanti
496 698 710 745 nominis
754 698 836 745 sed
878 699 1065 745 oraculi
1113 700 1363 746 cuiusdam
1406 716 1676 754 memores,
1711 749 1715 754 ,

327 799 425 844 quo
462 782 778 835 docerentur,
815 781 947 843 quod
981 783 1021 828 si
1056 799 1139 828 rex
1172 783 1346 829 urbem
1370 784 1574 845 Tyriam
1605 784 1679 828 in·

326 876 490 912 vectus
517 882 629 910 cum
661 864 875 911 exercitu
901 865 1220 920 transivisset‚
1258 867 1459 915 fortuna
1486 870 1681 931 lapsum

327 960 442 994 tunc
486 949 668 1011 oppido
710 949 994 994 minaretur.
1065 949 1333 999 Alexander
1366 964 1530 999 tamen
1567 969 1680 998 cum

328 1032 594 1079 admolitus
637 1032 925 1079 violentiam
981 1032 1220 1094 oppidum
1264 1048 1460 1098 cuperet
1518 1035 1682 1082 subiu-

328 1134 464 1181 gare,
503 1116 705 1178 ancipiti
734 1116 947 1177 proelio,
985 1116 1154 1161 multis
1184 1117 1331 1163 etiam
1351 1118 1684 1165 Macedonum

331 1200 478 1245 caesis
515 1216 568 1245 ac
604 1199 868 1245 vulneratis
903 1197 1079 1260 pedem
1115 1199 1276 1246 refert.
1333 1206 1526 1248 Praeter
1560 1200 1686 1248 illud
1751 1203 1752 1220 ἢ

329 1284 480 1348 igitur
523 1284 656 1345 prius
702 1282 1118 1348 magnanimitatis
1165 1299 1276 1329 suae
1322 1284 1540 1331 studium
1585 1284 1687 1341 iam

331 1369 480 1413 etiam
523 1367 861 1432 indignatione
915 1366 1185 1413 ferventior
1229 1369 1475 1415 excidium
1521 1367 1687 1430 Tyriis

331 1450 634 1497 minabatur:
673 1449 827 1514 deque
855 1467 908 1497 ea
944 1468 996 1496 re
1030 1452 1242 1497 somniat
1268 1454 1461 1499 moneri
1495 1470 1596 1499 sese
1628 1468 1689 1497 ne

331 1535 627 1600 legationem
661 1533 713 1566 (α)
764 1535 841 1580 sui
884 1539 1071 1595 Tyrum
1118 1552 1205 1597 per
1261 1553 1360 1583 sese
1411 1535 1582 1582 faciat:
1637 1535 1688 1581 id

334 1620 465 1666 enim
503 1620 667 1664 animo
704 1617 1108 1680 praedestinabat.

434 1707 534 1749 XL.
589 1702 755 1748 Missis
811 1702 959 1766 igitur
1007 1704 1325 1750 internuntiis
1368 1702 1554 1748 litteras
1609 1700 1690 1748 dat

335 1786 497 1849 Tyriis
540 1784 872 1848 perferendas,
922 1803 1128 1848 quarum
1161 1785 1400 1833 sententia
1436 1786 1554 1831 haec
1590 1796 1683 1831 est:

337 1870 696 1928 „Macedonum
743 1886 826 1915 rex
865 1867 991 1915 filius
1023 1870 1315 1916 Hammonis
1352 1869 1688 1931 Philippique,

339 1973 455 2011 „rex
501 1970 670 2018 regum
722 1953 965 1999 maximus
1018 1955 1157 2000 Asiae
1213 1970 1296 1999 seu
1345 1957 1568 2014 Europae
1614 1954 1694 1999 vel

341 2038 585 2099 ,‚Libyae‚
630 2036 793 2096 Tyriis
823 2037 940 2083 haec
989 2037 1120 2083 dicit.
1192 2035 1433 2097 Equidem
1466 2052 1694 2099 graecum

343 2135 424 2178 „et
469 2120 724 2183 imperiale
770 2119 1024 2166 videbatur
1067 2137 1179 2166 cum
1222 2119 1477 2165 clementia
1513 2120 1695 2181 pariter

344 2223 427 2260 „ac
462 2205 644 2252 iustitia
678 2204 847 2250 invehi
880 2205 1052 2250 urbem
1075 2215 1298 2251 vestram.
1345 2209 1411 2249 At
1447 2202 1580 2248 enim
1609 2219 1694 2248 vos

344 2289 525 2352 „primi
571 2289 799 2334 onmium
845 2288 1069 2334 extitistis
1120 2287 1203 2349 qui
1251 2287 1375 2332 mihi
1408 2286 1697 2333 insolentius

344 2405 363 2428 >‚
378 2372 653 2420 obviaretis.
722 2372 874 2436 Igitur
908 2389 994 2433 per
1035 2388 1121 2418 vos
1157 2371 1327 2417 ceteris
1365 2371 1513 2416 etiam
1549 2371 1699 2434 magi-

377 2567 430 2598 (a)
457 2565 538 2593 Cod.
567 2560 745 2600 legacione.
