1752 3116
542 261 897 304 ALEXANDRI
1336 268 1359 304 5
1367 270 1384 304 1

43 377 142 429 'huc
169 378 324 424 Persis
360 390 579 440 equestre
619 389 811 423 tantum
848 378 1092 440 proelium
1131 377 1388 426 videbatur

46 475 100 505 ac
133 460 354 507 velitatio
390 462 510 508 levis
545 473 858 507 armatorum.

141 547 286 589 LXII.
325 549 481 606 Quare
511 544 691 593 Darius
728 557 894 591 movet
929 544 1166 608 phalanga
1201 543 1254 588 in
1279 543 1388 589 Ale-

41 625 214 671 xandri
245 627 468 673 dextrum
495 644 646 674 cornu
670 627 803 689 quod
831 628 932 674 eius
962 627 1231 689 praesentia
1255 643 1389 688 prae-

43 708 366 769 ponderabat,
425 711 602 757 sensim
642 711 842 756 tendens
884 727 993 757 suos
1041 721 1094 755 ut
1140 710 1390 771 pauciores

44 792 426 838 circumveniret.
496 793 586 839 Sed
624 794 888 839 ferventius
914 793 1150 846 obvians,
1195 810 1247 839 re
1280 809 1392 854 pro·-

43 875 172 928 visa,
210 877 466 938 plerosque
500 877 769 923 Alexander
805 877 1013 931 dissicit,
1062 894 1150 925 nec
1187 875 1392 938 obsequi

45 958 250 1003 consilio
287 960 428 1012 sinit,
466 959 583 1005 adeo
621 962 827 1006 torrenti
860 960 1056 1008 turbine
1091 973 1139 1007 et
1174 962 1392 1006 alacrita-

46 1050 127 1092 te,
165 1043 238 1085 uti
275 1044 447 1089 Darius
487 1044 612 1104 ipse,
664 1044 888 1105 exemplo
927 1045 1076 1091 hostis
1123 1056 1170 1090 et
1206 1043 1392 1105 pudore

49 1125 359 1187 agrici01·<¹),
410 1126 554 1172 etiam
603 1138 714 1172 tunc
761 1127 965 1191 agminis
1012 1128 1086 1173 sui
1128 1127 1179 1171 in
1229 1125 1392 1171 medio

46 1208 234 1252 naviter
268 1207 479 1261 bellans,
533 1208 618 1254 ubi
654 1209 904 1255 incondite
949 1227 1060 1255 suos
1094 1209 1291 1255 turbare
1325 1208 1396 1253 vi-

48 1288 152 1343 det,
209 1293 368 1337 studio
413 1292 580 1337 salutis
626 1292 878 1356 neglegens
925 1292 1297 1338 existimationis
1343 1291 1396 1336 in

47 1372 214 1436 fugam
251 1387 479 1427 verteret,
519 1375 663 1436 idque
699 1390 864 1426 curru,
904 1375 1036 1434 quod
1066 1367 1282 1421 nobilius
1318 1373 1397 1418 de·

49 1455 204 1502 cebat.
265 1461 436 1518 Neque
466 1458 667 1504 difficile
702 1457 851 1504 ceteri
884 1455 1089 1517 pedibus
1124 1458 1178 1502 in
1210 1469 1398 1502 senten-

48 1540 171 1585 tiam
215 1542 368 1586 secuti
396 1541 447 1573 (a)
492 1544 613 1607 regis
665 1542 970 1603 exemplum,
1028 1540 1162 1601 paria
1209 1542 1397 1586 consul·

52 1634 158 1668 tant
182 1619 252 1676 (ὅ),
303 1624 420 1670 dum
457 1624 645 1671 Cadusii
670 1625 744 1679 (2),
782 1641 890 1687 pars
927 1623 1258 1669 multitudinis
1294 1640 1399 1685 per-

50 1707 198 1762 sicae,
255 1720 393 1770 rupta
429 1708 759 1755 Macedonum
801 1708 902 1752 acie
937 1708 988 1752 in
1033 1707 1229 1753 sarcinis
1266 1723 1399 1768 prae-

52 1790 305 1837 darentur:
346 1791 429 1853 qui
459 1803 621 1836 tamen
647 1808 765 1837 mox
791 1807 989 1836 suorum
1023 1804 1271 1854 comperta
1302 1791 1400 1838 for·

52 1888 196 1930 tuna,
235 1891 325 1936 qua
362 1876 440 1920 via
475 1876 650 1929 tutior,
687 1873 989 1938 fugientibus
1020 1886 1289 1935 conpetunt
1323 1874 1401 1920 de-

52 1959 379 2005 minutionem
404 1962 462 2002 Ψ).

153 2045 324 2088 LXIII.
379 2040 469 2087 Sed
513 2042 630 2087 haec
675 2042 727 2086 in
772 2040 1030 2086 Alexandri
1071 2057 1184 2086 sane
1225 2040 1403 2087 dextris

57 2125 333 2192 agebantur.
403 2130 619 2171 Laevum
654 2139 793 2176 vero,
844 2122 974 2184 quod
1008 2125 1147 2169 Darii
1189 2126 1403 2171 cornu&

102 2251 154 2283 (a)
177 2249 261 2278 God.
284 2255 423 2278 Jecucus.
463 2228 508 2279 ab}
527 2229 602 2275 cod
640 2247 848 2277 consultans.
887 2250 931 2279 (c)
954 2249 1004 2275 lta
1025 2246 1100 2276 cod.

124 2342 183 2393 (1)
216 2348 271 2380 Ita
293 2345 373 2378 cod.
398 2345 551 2378 Videtur
567 2354 684 2378 ‚mrem
706 2351 813 2390 putus
838 2332 1070 2379 hellenismus
1095 2357 1141 2379 ex
1156 2343 1408 2393 ἀγροικότερος,

65 2414 283 2451 quamquam
309 2403 484 2435 sententia
508 2403 587 2435 duci
610 2402 752 2435 videtur
773 2401 814 2434 ab
835 2400 961 2450 ἄγριος.

125 2460 182 2505 (2)
215 2459 303 2494 Cod.
329 2470 393 2504 pro
427 2459 510 2492 dum
542 2458 688 2492 Cadusii
719 2458 825 2491 habet
858 2459 1059 2505 quasvisia.
1104 2457 1167 2493 sed
1195 2463 1270 2490 erat
1298 2456 1414 2493 corri-

69 2517 206 2563 gendus
230 2517 329 2550 locus
361 2529 403 2548 ex
424 2516 586 2550 Diodoro
609 2525 713 2550 XVII.
737 2519 791 2548 59.
818 2516 941 2551 Curtio
965 2525 1022 2549 lv.
1044 2519 1099 2549 15.

125 2573 182 2619 (ὅ)
215 2576 270 2608 Ita
291 2572 368 2606 cod.
396 2585 526 2615 cornu,
561 2585 640 2605 nam
665 2580 698 2604 et
722 2573 810 2604 hanc
836 2572 1122 2607 terminationem
1144 2571 1280 2617 patitur
1303 2570 1414 2603 inter-

68 2631 154 2663 dum
191 2638 324 2677 quarm
352 2629 601 2665 declinationis
623 2630 749 2662 tertius
773 2640 883 2664 casus,

1131 2688 1154 2704 Aa

1080 2693 1108 2733 4

1442 1320 1543 1366 Fuga
1553 1319 1633 1353 Da-

1413 1376 1470 1410 rii.

1477 2004 1637 2039 Alexan-

1424 2061 1485 2094 der
1497 2062 1568 2093 suis
1584 2062 1637 2093 la-

1422 2118 1630 2152 bor-dntibus

1424 2175 1605 2220 subpeda-

1426 2240 1493 2265 tul*-
