1752 3116
568 177 671 215 SEV
700 175 875 216 LIBER
903 174 937 214 Ι.
1343 177 1418 215 137

83 308 274 353 quoque
311 288 561 352 opificinas
591 288 828 335 adiacere:
864 301 920 336 ut
954 287 1085 351 quod
1119 289 1236 335 haec
1269 289 1421 335 bestia

85 374 383 419 famulitium
422 372 668 435 quoddam
709 374 905 435 templis
948 383 1190 433 praestare
1231 372 1422 417 videba-

82 468 161 503 tur
195 473 425 504 DAEMON
462 455 740 502 MEL10R0)
775 455 1126 518 appellaretur,
1174 454 1277 516 ipse
1306 470 1424 515 quo-

83 557 178 602 que
234 540 398 585 divina
443 538 649 601 quadam
702 539 937 603 religione
983 539 1235 583 coleretur.
1293 541 1425 600 Quae
1526 547 1659 581 Montis

1443 615 1553 649 prope
1572 605 1660 638 Ale-

1444 660 1629 694 xandriam

84 705 261 760 randa,
329 723 469 753 mons
525 722 720 767 quoque
763 717 964 767 propter
1007 705 1112 750 illic
1157 704 1330 749 visitur
1369 721 1427 749 ex
1445 717 1557 762 origo.

83 640 193 668 cum
236 624 392 668 multa
435 623 532 668 sint
565 621 882 669 Alexandriae
906 621 958 653 (a)
1001 632 1049 667 et
1083 620 1176 666 alia
1221 621 1301 665 vel
1336 621 1425 666 mi-

87 800 345 852 congestu‚
402 805 546 850 quem
587 789 822 834 incuriosi
865 789 1114 834 vetustatis
1155 789 1428 834 naturalem

85 872 232 917 etiam
268 872 542 933 opinantur.
613 870 703 916 Sed
739 887 793 916 ea
827 873 980 918 moles
1016 871 1185 936 egestis
1213 871 1429 932 undique

88 967 215 1000 terra
250 967 396 1016 atque
437 952 711 1007 ruderibus,
763 953 936 1015 quibus
978 953 1298 1000 fundamenta
1332 954 1431 999 sint

88 1036 348 1084 moenibus
372 1039 599 1083 exhausta
623 1032 668 1069 (ὅ)
695 1048 1013 1098 vacuataque,
1052 1055 1209 1099 eoque
1240 1038 1431 1083 collatis

87 1138 142 1167 ac
176 1121 460 1183 superfusis,
497 1121 781 1167 huiusmodi
816 1122 962 1168 erecti
997 1132 1044 1167 et
1079 1120 1216 1165 ardui
1249 1121 1432 1166 montis

87 1204 477 1269 magnitudinem
510 1205 733 1265 sumpsit,

185 1291 400 1333 XXVIII.
435 1292 647 1334 Omnem
682 1298 844 1332 autem
868 1286 916 1318 (⁶)
951 1288 1202 1333 moenium
1234 1287 1436 1332 varietaa
1536 1312 1670 1356 Regio-

89 1384 191 1417 tem
235 1371 458 1417 distinxit
502 1369 784 1416 nominibus
829 1384 877 1417 et
911 1372 1116 1416 secrevit
1149 1370 1237 1416 sub
1274 1370 1434 1432 appel·
1452 1379 1539 1401 num
1579 1369 1669 1402 Ale-

91 1455 273 1500 latione
301 1470 584 1519 graecorum
614 1455 971 1500 elementorum
987 1452 1040 1485 (ἆ)
1068 1456 1435 1517 primatumque
1453 1425 1621 1458 xandnae

1453 1494 1615 1516 nonu-nfi-

87 1537 301 1599 quinque
333 1538 612 1583 litterarum
634 1538 705 1590 (²),
741 1553 844 1583 non
880 1539 1048 1599 utique
1084 1536 1216 1600 quod
1249 1538 1344 1583 hoc
1366 1552 1437 1581 re-

91 1621 140 1684 gi
168 1620 231 1666 sit
260 1618 603 1666 tantummodo
631 1619 856 1674 libitum,
894 1638 1067 1666 verum
1102 1621 1176 1665 uti
1210 1637 1267 1667 ex
1303 1619 1437 1665 hisce

91 1703 267 1749 litteris
313 1704 387 1749 sui
432 1704 647 1750 nominis
691 1705 990 1767 perpetuitas
1034 1706 1085 1751 in
1122 1702 1256 1749 urbis
1290 1703 1437 1765 parti-

91 1785 181 1832 bus
217 1786 561 1833 celebraretur:
610 1787 913 1852 significante
946 1789 1132 1834 scilicet
1166 1787 1324 1848 prima
1357 1787 1439 1832 lit-

126 1931 178 1962 (n.)
203 1928 286 1958 Cod.
314 1928 551 1958 Alexandria.
587 1928 635 1964 (la)
658 1930 739 1959 cod.
765 1937 923 1960 exaustas
949 1933 1000 1965 (c)¹
1016 1930 1095 1960 Cod.
1119 1936 1246 1959 tamen.
1274 1928 1332 1962 (d)
1355 1929 1439 1959 cod.

89 1976 330 2008 elimencorum.

154 2091 215 2143 (1)
247 2093 388 2129 Scilicet
411 2093 736 2139 AgaHzodaemon,
770 2094 812 2127 de
838 2093 906 2139 q‘uo
931 2094 1072 2140 copiose
1098 2095 1257 2141 disputat
1281 2095 1442 2129 Iablons-

98 2151 176 2184 kius
216 2152 244 2184 Ι.
278 2155 310 2186 4.
378 2151 528 2195 Serpens
561 2152 858 2196 Agathodaemon
900 2161 933 2185 et
976 2153 1175 2197 appellatur
1207 2151 1249 2185 ab
1285 2152 1440 2186 Eusebio

96 2206 227 2253 Praep.
251 2220 304 2242 ev.
324 2209 353 2242 I.
379 2211 434 2242 10.
467 2215 500 2239 et
522 2206 559 2240 in
580 2208 704 2241 multis
729 2208 858 2242 visitur
879 2209 1035 2242 nummis
1058 2208 1323 2243 Alexandrinis,
1354 2210 1442 2243 Pto-

95 2264 232 2298 lemaeo
262 2262 397 2309 Geogr.
424 2274 479 2297 IV.
506 2268 537 2299 5.
571 2265 873 2310 Agatlzmlaemon
905 2274 957 2299 est
985 2266 1104 2300 alveus
1122 2265 1199 2300 Nili
1219 2265 1440 2300 occidentale

98 2321 192 2355 latus
214 2325 274 2357 τεῦ
298 2322 404 2354 Delta
426 2319 609 2354 definiens.

157 2375 216 2422 (2)
248 2377 442 2412 Confirmat
465 2377 569 2410 Philo
592 2379 628 2410 in
643 2375 809 2411 Flaccum
839 2377 924 2422 (ed.
949 2379 1116 2424 Mangey.
1138 2378 1182 2413 T.
1205 2380 1253 2413 ΙΙ.
1274 2391 1309 2424 p.
1333 2374 1439 2425 525).

99 2438 212 2474 Πέντε
241 2441 353 2482 μεῖξαι
374 2437 432 2478 τῆς
452 2433 586 2475 τέλειός
608 2439 709 2475 εἰσιν,
740 2435 901 2482 ἐπώνυμει
927 2439 995 2470 τῶν
1016 2435 1154 2484 quirum
1175 2439 1356 2472 συιχείων
1382 2439 1443 2481 τῆς

98 2490 341 2541 ἐγγξαμμάτςυ
366 2494 506 2536 ῷωυῆςε
536 2492 695 2543 Quinque
717 2503 795 2526 sunt
819 2492 913 2525 urbis
941 2489 1239 2541 (Alexandriae)
1266 2493 1442 2540 regiones,

106 2561 229 2584 nomen
252 2549 399 2583 sortitae
420 2560 442 2580 a
462 2547 638 2594 prioribus
664 2549 817 2594 scriptae
843 2550 937 2583 vocis
963 2547 1107 2584 litteris.
