1752 3116
351 131 411 157 111
902 126 1136 165 EDITORIS

351 226 528 267 mirifice
551 226 766 269 delectari.
809 230 1063 287 Scriptorem
1086 232 1195 271 enim
1221 231 1427 271 Ammiani
1450 233 1690 272 Marcellini

353 285 672 341 symmachique
697 289 877 327 oratoris
902 290 1142 343 aequalem,
1174 288 1300 328 immo
1323 289 1388 328 his
1417 291 1542 328 etiam
1563 290 1689 344 paulo

353 342 561 380 seniorem
575 370 589 392 ,
626 357 699 382 cur
721 345 1020 402 negligendum
1046 345 1360 385 existimarem?
1391 344 1475 384 Cur
1497 360 1583 384 non
1606 355 1691 384 sta-

350 399 430 436 tim
450 399 495 436 in
519 399 737 453 publicum
761 416 883 440 usum
905 411 947 440 et
967 402 1099 441 lucem
1122 402 1450 457 protrahendum
1473 400 1691 441 curarem?

353 454 604 494 Praesertim
633 472 764 511 quum
800 468 841 496 et
867 473 1022 497 summa
1045 473 1183 498 rerum
1211 459 1370 498 veritas
1398 469 1492 499 toto
1530 459 1689 512 scripto

351 511 630 562 elucesceret,
662 523 703 551 et
724 525 896 570 propter
922 515 1013 553 stili
1035 516 1294 564 novitatem,
1324 516 1493 573 linguae
1516 529 1689 570 quoque

348 568 503 608 latinae
533 572 674 624 copias
703 582 867 611 auctum
892 572 947 610 iri
969 571 1174 610 viderem.

432 624 517 663 III.
562 627 659 680 Quo
696 637 886 683 tempore
919 629 1149 682 imperator
1178 626 1455 668 Constantius
1483 627 1691 668 Constan-

143 678 199 741 Df
221 678 333 712 Itine-
348 682 431 721 tini
462 684 602 739 magni
623 683 736 723 filius
760 685 917 725 bellum
943 684 1141 724 adversus
1167 687 1310 725 Persas
1339 687 1509 725 summis
1533 685 1691 740 opibus

114 744 209 767 rano
244 736 332 772 Ale-
348 738 695 789 administrabat,
739 741 908 796 quidam
936 756 988 780 ex
1014 742 1069 780 iis
1095 740 1326 783 fortunatis
1342 771 1354 791 ,
1387 744 1462 797 qui
1490 743 1642 781 remoti
1667 757 1690 780 a

113 790 254 826 xandri.

348 795 504 834 studiis
536 796 783 837 ambitionis
821 807 951 853 atque
987 814 1009 837 a
1043 800 1220 839 militiae
1255 799 1504 838 muneribus
1541 799 1689 847 vacui,

347 853 483 892 otium
519 863 561 891 et
588 855 939 910 tranquillitatem
968 856 1082 895 vitae
1109 867 1345 911 sequuntur
1366 856 1443 906 (¹),
1472 871 1558 896 rem
1587 854 1688 893 dex-

344 910 402 949 tri
434 910 586 948 ominis
618 920 747 967 atque
785 912 907 950 utilis
942 912 1179 969 magisterii
1211 927 1254 951 se
1281 912 1489 953 facturum
1517 911 1688 968 putavit

345 967 632 1021 componendo
663 968 822 1024 duplici
859 968 1090 1009 Itinerario
1125 970 1304 1009 duorum
1343 971 1584 1025 principum
1617 981 1689 1007 eo-

344 1022 440 1061 dem
481 1038 608 1079 opere
641 1026 924 1083 gloriosorum
965 1025 1195 1066 Alexandri
1240 1028 1379 1084 magni
1415 1026 1615 1066 videlicet
1646 1034 1690 1063 et

343 1080 534 1119 Traiani.
598 1082 667 1121 Sic
706 1083 821 1121 enim
865 1081 1117 1123 Constantio
1157 1082 1323 1122 Caesari
1361 1082 1690 1138 praeclarissima

343 1138 536 1192 exempla
561 1139 817 1189 obiiciebat,
860 1139 1135 1194 eumdemque
1168 1141 1222 1178 iis
1257 1141 1454 1197 vestigiis
1493 1137 1689 1185 sistebat,

344 1207 450 1246 quae
472 1196 508 1231 si
544 1197 744 1248 persequi
768 1207 941 1249 posset,
981 1196 1154 1236 bellicae
1180 1196 1315 1235 laudis
1346 1196 1567 1253 fastigium
1595 1195 1687 1233 sine

342 1251 632 1290 controversia
660 1261 853 1300 teneret3
885 1253 976 1306 ipse
1002 1263 1141 1290 autem
1167 1252 1327 1292 Auctor
1352 1253 1584 1292 domestico
1605 1251 1688 1290 hoc

339 1305 483 1346 labore
524 1307 791 1362 publicorum
840 1309 1102 1347 vacationem
1146 1307 1386 1348 officiorum
1440 1322 1687 1364 compensa-

339 1361 414 1400 bat
433 1367 498 1401 (2).
558 1364 644 1402 Iam
679 1366 850 1403 Traiani
885 1364 1184 1414 Itinerarium,
1229 1366 1443 1423 egregium
1483 1375 1532 1404 ut
1561 1363 1685 1404 credo

340 1433 447 1473 opus
477 1430 516 1458 et
546 1421 810 1476 exoptabile,
836 1436 976 1476 neque
1003 1423 1047 1460 in
1071 1421 1347 1461 ambrosianis
1372 1421 1591 1461 codicibus
1615 1436 1688 1459 su-

338 1487 502 1530 perest,
547 1488 673 1532 atque
696 1479 849 1517 arsisse
878 1479 1086 1517 communi
1121 1478 1292 1518 videtur
1325 1478 1544 1527 incendi03
1583 1478 1686 1516 Ale-

337 1533 490 1572 xandri
519 1550 620 1574 vero
645 1533 760 1589 quod
783 1536 888 1575 mihi
909 1551 953 1574 se
975 1535 1151 1583 obtulit,
1182 1550 1268 1574 non
1290 1536 1560 1575 mediocriter
1582 1549 1686 1592 gau-

339 1589 434 1629 deo.
491 1591 599 1630 Nam
621 1593 803 1648 primum
826 1593 872 1631 in
899 1608 1051 1650 genere
1077 1593 1284 1632 historico
1303 1607 1554 1650 magnopere
1578 1590 1684 1630 mihi

336 1647 472 1702 placet
511 1649 603 1703 ipsa
643 1650 752 1687 ratio
788 1659 831 1687 et
873 1650 1029 1688 titulus
1069 1649 1301 1688 Itinerarii.
1363 1649 1604 1704 Equidem,
1647 1647 1682 1686 si

335 1705 459 1759 paulo
483 1707 688 1744 attentius
707 1705 965 1756 consideres,
992 1706 1091 1745 haec
1114 1717 1178 1744 est
1199 1707 1455 1763 primigenia
1476 1705 1684 1745 historiae

335 1771 508 1811 natura,
540 1772 588 1800 ut
621 1778 687 1801 res
721 1763 922 1802 nimirum
947 1772 1066 1820 gesta
1091 1762 1202 1801 nude
1231 1762 1508 1818 ordinateque
1539 1775 1683 1800 narre-

338 1828 423 1857 tur.
465 1820 631 1858 Revera
651 1821 686 1858 si
713 1819 928 1858 orationes
954 1830 995 1857 et
1017 1819 1217 1873 epistolas
1248 1829 1290 1857 et
1313 1820 1586 1858 consiliorum
1608 1832 1681 1855 ex-

335 1876 583 1931 plicationes
600 1876 874 1929 locorumque
893 1875 1202 1931 descriptiones
1216 1877 1390 1915 latiores
1414 1876 1552 1924 tollas,
1577 1872 1682 1930 quid

334 1932 448 1971 aliud
471 1943 662 1988 superest
695 1933 746 1971 de
771 1932 922 1972 Curtio
965 1943 1036 1970 aut
1069 1931 1120 1970 de
1150 1934 1332 1972 Arriano
1358 1944 1430 1972 aut
1465 1932 1516 1970 de
1537 1932 1682 1970 Xeno-

333 1990 494 2045 phonte
528 1990 597 2029 vel
621 1990 782 2043 LiviO,
821 1990 905 2028 nisi
938 1989 1137 2043 quaedam
1173 1990 1239 2029 vel
1271 1999 1456 2029 actorum
1489 1990 1680 2044 ipsorum

332 2047 401 2086 vel
442 2040 654 2103 agentium
691 2047 908 2086 hominum
938 2046 1197 2085 ltineraria?
1245 2046 1351 2085 Sane
1385 2045 1678 2097 Thucydidem

334 2117 418 2157 quo
461 2103 552 2142 loco
586 2118 652 2141 res
687 2113 824 2160 gestas
861 2104 907 2141 in
941 2103 1113 2142 Graecia
1145 2117 1167 2140 a
1190 2102 1330 2142 Xerxe
1360 2102 1507 2160 fugato
1542 2116 1678 2156 usque

332 2159 384 2198 ad
413 2159 568 2198 bellum
601 2159 1002 2215 peloponnesiacum
1035 2160 1272 2198 summatim
1313 2161 1587 2215 persequitur
1610 2158 1678 2207 (5),

330 2217 399 2254 cui
432 2218 611 2272 propius
647 2231 886 2272 compareS,
929 2231 1053 2271 quam
1089 2215 1318 2256 Itinerario
1353 2217 1515 2256 cuidam
1551 2215 1678 2254 Athe.-

329 2273 544 2313 niensium
575 2274 744 2313 rerum?
787 2274 917 2313 Porro
955 2271 1164 2312 eiusmodi
1201 2272 1453 2313 brevitatem
1483 2275 1580 2326 quis
1613 2287 1678 2311 re·

385 2388 445 2436 (1)
480 2390 643 2424 Itinerar.
674 2403 749 2436 cap.
779 2391 807 2424 Ι.

385 2446 444 2493 (2)
476 2449 562 2493 Cap.
591 2458 646 2481 vr.

385 2503 441 2549 (ἦ)
475 2505 553 2537 [ib.
584 2507 611 2537 Ῐ.
640 2509 693 2537 89.
726 2505 769 2537 ad
795 2502 876 2538 libri
907 2502 1025 2538 finem.
