1752 3116
474 186 855 230 *ALEXANDRI‘
1286 189 1338 225 75

0 306 144 355 Darii.
172 321 296 353 uxor
328 303 553 350 veneriae
602 318 714 348 sane
747 297 1122 363 pulchritudinis
1156 298 1340 346 femina

0 407 99 436 non
135 389 348 440 evicerit,
416 388 639 448 Denique
677 388 919 445 Oxyarten
952 383 1003 417 <¹2
1049 383 1214 429 debito
1249 382 1342 428 sibi

0 472 152 519 soceri
188 472 374 517 honore
409 470 650 534 dignatur.

100 560 194 602 CII.
230 556 358 600 Hinc
393 553 528 599 ducit
554 553 604 596 in
640 551 786 597 aliam
823 562 1012 613 petram
1046 549 1222 595 celsam
1256 560 1348 594 sta-
1430 553 1577 588 Chorie-

430 614 436 620 ’
1365 611 1403 645 ni
1453 611 1580 643 castel-

1365 670 1441 702 lum
1479 667 1581 699 dedi-

3 722 210 774 stint<‘²)‚
248 719 527 765 alviabilern
546 719 684 774 calli,
719 734 926 780 superne
956 732 1244 778 aequoream
1278 714 1347 758 vi·
1367 734 1455 758 tum.

2 638 95 688 diis
127 637 325 702 viginti,
361 635 442 684 sed
470 635 713 699 sexaginta
742 638 806 682 ad
833 632 1142 679 ambiendam
1175 631 1347 676 faciem

5 815 314 865 mutemque,
351 803 444 849 soli
465 800 612 847 ubere
638 813 685 846 et
707 800 1035 847 mollitudinis
1055 799 1262 844 divitem
1283 796 1348 841 (2³.

6 883 305 933 cl1orieni<²⁷>
339 885 391 931 id
438 886 689 931 castellum
724 883 989 936 vocabant,
1035 882 1157 946 regis
1193 879 1352 927 nomi-

6 987 91 1023 ne,
149 970 234 1030 qui
276 969 394 1014 illuc
418 967 462 1000 ¹⁶)
509 967 814 1031 confugerat,
863 965 1105 1012 Chorieni.
1173 969 1354 1010 Verum

11 1051 145 1114 quod
193 1052 295 1097 eius
330 1053 431 1100 saxi
477 1051 661 1096 calcem
695 1050 904 1096 naturali
944 1049 1079 1095 vallo
1113 1048 1358 1093 munitam

12 1137 308 1189 intueretur,
344 1135 394 1181 id
418 1135 638 1196 primum
667 1135 830 1195 explet
858 1129 1072 1179 caesu-(d)
1106 1130 1361 1177 frondium

11 1232 58 1266 et
105 1218 302 1283 adgestu
355 1220 497 1264 humi
540 1219 870 1277 saxorumque*
901 1233 1063 1277 ,opere
1106 1213 1360 1276 pervicaci.

10 1308 117 1350 Iam
152 1303 361 1363 denique
395 1301 561 1347 labore
595 1311 828 1362 provecto
866 1299 1098 1360 scalisque
1134 1295 1361 1348 admotis,

16 1389 308 1439 Chol-imus,
342 1384 647 1429 internuntio
675 1386 909 1441 Oxyarta,
946 1382 1161 1442 pretium
1194 1378 1364 1424 veniae

14 1470 194 1518 victori
238 1486 288 1514 se
332 1483 536 1528 suosque
586 1463 878 1512 transcribit.
945 1463 1133 1510 Eodem
1185 1463 1364 1509 merito

18 1552 414 1617 procurationem
458 1549 554 1596 sibi
589 1548 774 1610 accepit
808 1546 941 1610 quod.
987 1564 1189 1613 regnum
1224 1547 1367 1593 habe·

19 1637 128 1690 bat,
187 1633 423 1697 quoniam
467 1633 708 1679 victorem
752 1631 1018 1676 exercitum
1063 1646 1164 1677 non
1202 1630 1370 1677 labore

22 1718 229 1766 militiae
251 1718 399 1764 modo
428 1715 548 1762 adeo
574 1714 1039 1777 conperendinatae,
1076 1731 1246 1760 verum
1270 1715 1371 1759 hie-

7 1805 116 1865 ¹mis
161 1818 357 1863 quoque
402 1801 450 1846 vi
486 1810 533 1843 et
567 1797 834 1862 indigentia
879 1797 1138 1861 fatigatum
1174 1813 1373 1858 appara-

25 1899 103 1931 tus
138 1885 210 1930 sui
237 1883 380 1946 largis
415 1880 590 1942 opibus
621 1881 894 1933 refovisset,
932 1897 1019 1925 nec
1051 1879 1236 1924 decima
1270 1880 1374 1941 qui·

27 1969 139 2014 dem
173 1979 310 2029 parte
344 1965 494 2010 totius
531 1961 806 2009 affluentiae
841 1962 1127 2026 dispensata.

63 2168 114 2199 (α)
137 2168 187 2194 lta
213 2164 278 2193 cod
308 2165 407 2193 Haud
427 2164 497 2192 scio
521 2172 562 2190 an
587 2162 809 2192 scribendum
819 2162 990 2200 facienda
1008 2168 1097 2191 sune.
1132 2159 1178 2195 (b)
1197 2161 1282 2192 Cod.
1304 2160 1384 2193 Cho.

28 2215 156 2248 rienis,
182 2219 214 2242 at
235 2222 317 2241 mox
343 2214 392 2241 bis
421 2211 617 2243 Clzorienm.
651 2216 696 2246 (c)
722 2213 803 2242 Cod.
827 2211 893 2241 illi.
933 2212 986 2245 (d)
1013 2213 1099 2242 Cod.
1124 2221 1192 2242 esu.

28 2299 1389 2320 W&

96 2386 157 2437 (1)
190 2390 223 2422 Is
242 2387 602 2421 eratBactrianorum
618 2398 706 2428 rex,
729 2393 772 2419 nt
790 2385 934 2432 quidem
955 2385 1197 2421 aitDiodorus
1215 2397 1335 2421 xvnI.
1354 2392 1384 2420 3.

101 2443 161 2493 (2)
192 2446 332 2489 ,Nempe
356 2444 506 2485 divitem
527 2444 635 2477 ubere
667 2443 734 2476 soli
761 2443 894 2477 mollis.
945 2443 994 2476 Ut
1025 2443 1117 2477 illud
1143 2445 1292 2491 Virgilii
1313 2445 1389 2480 Ae,-

37 2504 130 2537 neid.
158 2512 248 2537 viu.
278 2506 356 2536 436.

273 2558 434 2604 Squamis
456 2566 657 2603 serpentum
679 2567 833 2603 auroque
860 2554 1035 2601 polibant.
