1752 3116
354 148 371 179 1
379 142 432 183 44
737 145 1091 191 ALEXANDRI
1123 155 1306 195 ORTVS

346 255 469 309 „ista
524 255 707 313 deficit,
770 261 903 322 qnod
956 281 1098 311 mons
1142 279 1304 314 tantus
1350 270 1460 318 loco
1511 275 1691 320 mutari

346 351 542 400 „que-at,
605 342 674 388 ita
739 344 1064 405 possibilitate
1124 367 1198 396 res
1249 365 1400 408 caret,
1456 355 1691 402 inolitum

346 438 562 475 „nomen
605 437 744 472 tuum
787 426 898 473 urbi
941 446 1072 477 nunc
1114 433 1340 481 conditae
1384 436 1507 483 olim
1550 454 1690 500 posse

345 508 603 558 »mutari«

148 591 328 627 Vaticini-
443 592 659 638 XXXIV.
713 592 790 640 Ibi
844 594 1000 642 adhuc
1043 609 1240 660 petente
1280 601 1583 657 Alexandro,
1637 615 1694 649 ut

109 658 169 683 um
200 650 326 685 multi·
369 671 379 680 -
422 672 432 681 -

106 705 193 749 plex
248 707 325 739 edi·
342 670 436 716 Slbl

472 672 531 718 de
567 672 662 720 fine
696 676 825 723 vitae
860 681 992 726 Deus
1028 681 1213 744 aliquid
1248 682 1482 732 fateretur
1504 685 1580 740 (¹),
1635 686 1714 760 in·

109 768 186 796 tum
233 763 324 797 Ale·
340 755 458 801 haec
492 774 780 819 responsum
813 773 906 807 est:

106 818 254 853 xandro.

456 867 545 900 Prae
576 877 701 902 cuncta
731 869 805 906 vita
832 872 1062 909 commodum
1092 882 1145 908 est
1173 877 1380 912 mortalibus
1406 874 1459 907 (a)

451 939 599 974 Nescire
629 942 757 989 quibus
788 946 893 978 metis
929 947 1003 979 fata
1033 947 1243 982 claudantur
1273 951 1344 984 sui.

449 1013 553 1047 Mens
585 1014 718 1062 quippe
748 1017 901 1052 homulli
931 1032 1003 1052 non
1033 1020 1133 1054 videt
1163 1024 1359 1066 variantia,

450 1087 550 1130 Quae
578 1087 749 1122 reformat
777 1102 903 1136 perpes
933 1093 1012 1125 aevi
1044 1095 1246 1130 aeternitas.

446 1158 543 1192 Nam
573 1160 602 1192 si
632 1170 741 1194 cessat
769 1174 912 1197 casuum
942 1165 1110 1208 scientia,

446 1231 559 1265 Laeta
590 1241 645 1266 est
672 1232 813 1267 timoris
844 1235 961 1269 omnis
990 1235 1183 1282 ignoratio,

448 1305 566 1349 Quare
595 1305 633 1338 id
664 1314 786 1351 putato
819 1316 896 1341 tute
926 1311 1276 1357 commodissimum,

445 1377 484 1411 Si
514 1390 592 1423 spes
623 1378 738 1413 futuri
767 1381 866 1415 nullo
897 1381 1055 1417 foedetur
1083 1395 1197 1424 metu.

444 1450 543 1496 Ergo
572 1451 669 1486 hisce
699 1465 790 1499 quae
820 1453 874 1487 fas
906 1465 960 1489 est
985 1456 1163 1491 instruere
1195 1467 1230 1492 et
1259 1461 1442 1506 praescias.

446 1523 505 1557 Tu
533 1536 618 1557 nam
647 1526 785 1559 levatus
815 1536 936 1562 nostra
966 1531 1216 1575 praepotentia

445 1596 702 1643 Quaecumque
732 1610 816 1643 gens
847 1599 891 1633 sit
922 1601 1026 1636 obvia
1055 1612 1189 1640 sternes
1218 1619 1337 1641 manu.

445 1667 619 1714 Tuncque
649 1670 736 1704 haee
766 1671 897 1706 revises
927 1675 1046 1711 animo
1071 1677 1164 1711 liber
1195 1687 1257 1713 tuo
1270 1671 1332 1712 (b)-

443 1741 535 1774 Urbs
567 1753 651 1774 vero
686 1755 794 1788 quam
824 1758 918 1779 nunc
948 1748 1057 1794 erigis
1087 1753 1214 1786 mundi
1247 1753 1352 1788 decus

441 1813 578 1853 Ni101-is
609 1823 737 1860 urguet
759 1811 836 1859 (ἓ),
868 1820 1003 1854 cunctis
1036 1825 1248 1869 exoptabilis

443 1886 598 1929 Saeclis,
628 1887 803 1924 virescens
835 1899 1038 1938 temporum
1067 1899 1289 1944 recursibus,

438 1960 589 2006 Unaque
621 1973 761 2007 sernper
791 1963 882 1997 fulta
912 1965 1158 2013 heatitudine,

437 2031 619 2078 Frequens
650 2035 814 2069 Deorum
845 2040 984 2083 templis
1016 2051 1124 2089 atque
1154 2045 1324 2088 nurnine,

318 2115 1680 2147 Ἤ

361 2168 412 2201 (a)
436 2168 523 2198 cod.
547 2170 641 2199 Prae
660 2178 782 2201 cuncta
807 2175 894 2206 nicae
911 2179 1084 2207 commoda
1106 2187 1156 2208 esc
1177 2179 1373 2213 mortalibus
1393 2182 1437 2214 de
1454 2185 1528 2219 fine
1547 2194 1676 2217 cereum

314 2215 468 2250 finissem
487 2221 616 2249 nescir-e
639 2229 707 2250 etc.
742 2219 790 2255 (b)
814 2225 895 2257 cod.
919 2225 1048 2257 liberar-
1074 2219 1171 2258 tuus.)

322 2287 1674 2318 Ἣ

383 2343 442 2389 (1)
484 2345 596 2378 Recte
625 2348 834 2384 Alexander
861 2352 904 2385 de
946 2355 1042 2388 vilae
1075 2368 1157 2390 suae
1188 2358 1257 2393 fine
1302 2361 1498 2409 interrogat
1530 2365 1673 2411 Serapi-

327 2399 431 2443 dem,
469 2413 574 2447 quem
602 2405 763 2450 superius
787 2420 864 2454 cap.
887 2419 1008 2444 xv111.
1038 2425 1073 2458 p.
1097 2420 1172 2449 127.
1204 2431 1238 2451 n.
1263 2421 1296 2453 1,
1329 2418 1486 2456 diximus
1506 2422 1674 2458 eumdem

326 2469 400 2491 esse
428 2469 467 2490 ac
493 2459 682 2494 Plutonem
705 2475 766 2497 seu
789 2465 922 2512 Ἀΐδην.

384 2513 443 2560 (2)
474 2515 517 2550 Id
539 2525 590 2550 est
609 2529 737 2565 urguet
763 2533 827 2555 seu
847 2525 958 2559 vincit
981 2525 1089 2562 decue
1109 2528 1235 2563 nitoris
1257 2531 1389 2565 mundi.
