1752 3116
338 172 413 209 162
722 167 1077 208 ALEXANDRI
1109 169 1293 210 ORTVS

332 281 600 327 amicitiam
634 281 1031 343 cooptave1·at<“).
1083 284 1275 346 Quippe
1301 282 1597 348 fugientibus
1629 293 1678 328 et

330 377 522 428 tempus
558 382 642 411 ore
675 362 1015 410 blandiebatur
1048 365 1182 427 quod
1215 383 1549 429 vesperascens
1575 366 1679 412 foe·-

333 451 535 497 ditatem
591 448 879 513 fugientium
931 450 1114 510 pariter
1156 459 1204 494 et
1248 450 1523 511 periculum
1566 465 1678 511 pro·

334 536 539 581 texisset.
585 533 755 579 Darius
779 542 944 577 autem
966 527 1014 564 (ὅ)
1048 543 1177 578 ratus
1203 532 1489 598 deligatiore
1512 532 1557 564 <⁶³
1592 532 1679 576 illa
1732 575 1736 580 ,

332 618 446 684 fuga
494 629 543 663 et
602 617 822 663 vehiculo
840 613 895 647 (d)
940 615 1090 680 regali
1136 617 1414 678 periculum
1463 616 1677 668 evitare,
1716 644 1719 650 -

334 701 562 765 quodque
597 716 623 745 e
657 711 881 764 suggestu
916 699 1075 763 regiae
1097 691 1542 763 turrsspromptius
1567 715 1680 745 con·

331 783 575 848 spicabilis
613 782 762 836 foret,
811 799 1007 828 currum
1046 783 1246 845 quidem
1288 784 1341 828 in
1385 784 1493 830 loca
1539 799 1681 845 quae·
1714 766 1718 772 ⁹

331 869 443 914 dam
479 865 753 914 abdendum
787 866 988 912 mandat
1022 878 1071 912 et
1106 866 1450 914 avertendum:
1489 867 1590 929 ipse
1603 883 1686 912 au-

330 964 431 998 tem
468 968 591 1013 equo
629 967 884 996 conscenso
920 951 1262 1013 properantiae
1296 951 1528 998 consulit.

126 1041 226 1105 Darii
255 1038 314 1072 sa·
429 1024 549 1083 LIV.
603 1033 693 1080 Sed
741 1027 881 1079 enim*
915 1034 1189 1081 Alexander
1233 1035 1358 1080 hanc
1401 1033 1495 1080 sibi
1539 1050 1684 1096 pecu-
1724 1032 1728 1036 ’

95 1101 205 1201 ῗξὶἲῗ
254 1108 312 1131 ⁰³*
328 1122 501 1166 liarem
534 1117 747 1182 gloriam
778 1129 1007 1179 appetens
1043 1119 1083 1164 si
1118 1135 1202 1164 rex
1247 1117 1437 1182 fugiens
1484 1133 1687 1178 conpre-

328 1202 643 1252 henderetur‚
680 1201 946 1246 animosius
980 1201 1252 1255 insecutus,
1304 1217 1474 1247 currus
1496 1200 1543 1232 (ε)
1580 1200 1685 1262 qui-

326 1287 439 1333 dem
475 1302 704 1347 armaque
741 1283 918 1348 regalia
954 1296 1261 1345 matremque
1283 1301 1378 1329 una
1401 1295 1450 1330 et
1481 1300 1687 1329 uxorem

325 1388 437 1417 cum
474 1368 743 1434 virginibus
779 1367 970 1413 filiabus
1010 1368 1216 1413 emensis
1247 1367 1414 1414 stadiis
1436 1367 1684 1431 sexaginta

323 1452 701 1515 conprehendit:
756 1453 918 1514 ipsum
962 1468 1079 1498 vero
1124 1451 1331 1497 Darium
1374 1468 1476 1498 non
1521 1451 1686 1496 minus

323 1536 629 1583 tenebrosior
673 1552 772 1582 nox
819 1553 967 1600 quam
1014 1552 1180 1582 cursus
1226 1535 1460 1581 velocitas
1509 1534 1687 1580 libera-

320 1633 481 1681 verat:
524 1621 718 1682 quippe
739 1619 840 1666 iam
874 1621 1094 1682 primurn
1137 1619 1189 1664 in
1225 1620 1343 1664 haec
1380 1629 1429 1664 et
1463 1617 1685 1663 huiusce-

320 1705 458 1753 modi
493 1703 764 1750 fortunaria
801 1704 1049 1766 dispositis
1085 1703 1222 1765 equis
1271 1714 1319 1748 et
1353 1701 1532 1747 itinere
1573 1714 1684 1759 pro-

319 1790 438 1836 viso.
488 1788 785 1834 TMacedones
821 1803 938 1832 vero
983 1787 1135 1847 potiti
1179 1785 1388 1833 victoria
1431 1786 1484 1827 in
1531 1793 1683 1827 castra

317 1872 503 1934 persica
551 1874 844 1936 migravere,
900 1885 1093 1930 unaque
1139 1866 1412 1916 Alexander
1456 1865 1685 1912 tentoriis

318 1957 461 2020 regiis
497 1955 841 2017 superveniens
877 1965 1101 2016 expertus
1134 1952 1207 1998 ibi
1235 1951 1456 2015 primum
1491 1961 1563 1996 est
1583 1965 1680 1994 una

319 2057 433 2087 cum
469 2039 711 2085 militibus
747 2039 843 2085 suis
889 2038 1117 2085 fortunae
1162 2037 1298 2083 illius
1346 2052 1401 2083 ac
1446 2032 1682 2081 victoriae

319 2126 727 2171 emolumentum.

97 2215 299 2252 Moderatio
417 2214 512 2256 LV.
567 2213 739 2269 Neque
776 2223 916 2272 mage
957 2207 1150 2268 uspiam
1192 2204 1491 2252 continentis
1526 2201 1681 2248 animi

81 2273 295 2311 ‘Ueffiudn‘
315 2292 630 2339 moderamen
690 2291 960 2338 Alexander
1004 2293 1172 2354 potuit
1216 2301 1482 2338 ostentare,
1528 2299 1676 2346 quam

357 2471 411 2503 (a)
438 2470 521 2499 cod.
553 2476 784 2505 coaptaverat.
831 2467 879 2503 (b)
904 2468 985 2497 Cod.
1010 2475 1138 2497 tamen.
1186 2469 1231 2501 (c)
1261 2468 1313 2495 lta
1341 2465 1415 2495 cod.
1447 2462 1674 2503 delagcuiore.

311 2519 456 2549 fortasse
483 2528 544 2556 pro
569 2519 801 2556 impeditiore,
836 2519 903 2547 nisi
934 2518 1046 2546 mavi·
1077 2516 1231 2545 scribere
1259 2514 1466 2545 delicatiore.
1502 2513 1558 2547 (d)
1584 2511 1673 2540 cod.

309 2568 475 2598 vehiculu.
509 2571 555 2602 (e)
580 2573 629 2600 lta
653 2569 727 2599 cod.
749 2580 877 2599 currus,
