1752 3116
217 372 240 403 A
251 372 337 404 lte-ra

145 426 338 459 Alexandri

143 484 336 528 expeditio.

180 646 338 694 Philippi

136 703 270 737 caedes.

355 175 433 214 116
734 175 1086 225 ALEXANDRI
1116 178 1298 218 ORTVS

356 285 486 347 quod
520 287 638 336 adeo
674 288 902 335 fidentem
939 301 988 334 et
1017 289 1316 351 intrepidum
1346 306 1458 336 eum
1495 299 1692 333 naturae

355 387 466 416 suae
498 370 627 418 bona
661 388 864 418 asserere
897 371 1177 418 intueretur.
1244 373 1397 436 Igitur
1433 388 1546 417 cum
1578 368 1695 414 vici-

355 470 415 497 na
449 471 609 501 rursus
654 456 822 502 civitas
858 452 917 500 de
958 452 1190 517 obsequio
1236 455 1508 506 vacillaret,
1555 452 1698 499 datur

355 537 625 584 Alexandro
660 537 916 600 expeditio.
984 538 1143 601 Pergit
1178 555 1275 599 quo
1310 537 1464 587 iussus
1499 545 1583 581 est.

450 624 507 666 X.
555 622 816 668 Enimvero
858 621 1042 665 interea
1080 621 1334 666 Pausanias
1373 617 1575 681 quidam
1612 632 1700 662 no-

355 704 515 760 mine,
560 716 668 749 tum
698 704 882 750 divitiis
919 700 1119 750 affluens
1151 717 1256 749 tum
1291 701 1468 768 opibus
1501 688 1700 761 potens,

356 803 415 831 ex
448 786 630 848 oppido
660 788 1033 837 Thessalonicae
1068 787 1271 839 nobilis,
1306 785 1360 829 in
1397 781 1701 844 Olympiadis

358 866 650 916 desiderium
675 887 989 932 amoremque
1013 871 1177 915 animo
1199 870 1451 930 prolapsus
1475 878 1560 912 est.
1607 863 1701 927 Qui

357 965 471 995 cum
519 968 605 1012 per
647 952 972 1000 internuntios
1020 953 1386 1014 adtemptasset,
1443 962 1492 996 et
1525 948 1706 994 mulier

358 1036 652 1082 consentiret
682 1047 740 1082 ut
772 1036 960 1083 deserto
994 1037 1224 1098 Philippo
1259 1035 1320 1080 ad
1349 1051 1449 1081 sese
1482 1045 1704 1078 transnu·

356 1115 514 1170 beret,
553 1118 702 1179 idque
725 1120 771 1164 ei
797 1137 855 1165 ex
875 1121 1115 1166 sententia
1140 1118 1444 1182 provenisset
1459 1116 1511 1149 (ι)
1521 1132 1536 1169 ;
1573 1129 1708 1160 com·

359 1201 548 1261 periens
592 1200 749 1246 filium
785 1203 1033 1263 Philippi,
1082 1204 1215 1248 cuius
1259 1200 1381 1248 adeo
1416 1195 1709 1245 formidolo-

359 1299 465 1327 sum
490 1283 541 1327 in
575 1300 743 1329 omnes
776 1285 962 1330 accolas
995 1296 1096 1330 erat
1130 1300 1335 1338 nomen,
1373 1298 1572 1347 peregre
1596 1297 1707 1344 pro-

360 1364 573 1419 fectum3
631 1379 970 1430 certamenque
1017 1366 1335 1428 tliynielae(²>
1387 1379 1506 1413 tunc
1557 1365 1635 1430 agi
1680 1380 1706 1409 a

360 1449 589 1511 Philippo
623 1450 950 1511 praesidente3
987 1463 1184 1513 repente
1215 1451 1452 1498 satellicio
1488 1449 1708 1511 stipatus,

361 1532 540 1577 strictis
593 1532 764 1596 gladiis
808 1535 1051 1579 theatrum
1099 1534 1264 1590 irruit,
1331 1533 1710 1594 Philippumque

362 1615 564 1660 vulnere
595 1617 859 1676 praevenit.
931 1618 1028 1680 Qui
1068 1634 1178 1663 curn
1220 1617 1363 1663 altius
1409 1629 1458 1662 et
1497 1616 1709 1661 letaliter

364 1698 490 1744 ictus
526 1711 667 1751 esset,
704 1701 861 1746 veluti
889 1700 1045 1747 caedis
1080 1701 1385 1748 absolutione
1420 1717 1613 1749 securus
1649 1696 1709 1744 ad

366 1783 548 1845 regiam
587 1784 840 1828 Pausanias
894 1797 1153 1846 properato
1209 1783 1432 1838 festinat,
1481 1796 1625 1846 raptu
1655 1782 1706 1815 (³)

364 1864 550 1909 scilicet
585 1864 886 1927 Olympiadis
922 1866 1159 1913 desiderio
1196 1868 1516 1914 consulturus.

424 1982 482 2026 (1)
515 1982 772 2027 Olympiadem
794 1996 936 2018 causam
953 1986 1153 2030 praebuisse
1166 1986 1324 2032 Philippi
1346 1987 1422 2020 neci
1444 1995 1588 2020 narrant
1603 1986 1710 2020 etiam

367 2039 574 2076 Plutarchus
597 2037 711 2073 Alex.
734 2053 768 2086 p.
792 2044 847 2073 16,
880 2050 913 2074 et
933 2042 1088 2076 Iustinus
1114 2053 1172 2076 1x.
1194 2049 1226 2075 7.
1258 2056 1328 2076 non
1353 2052 1471 2076 tamen
1497 2056 1537 2076 eo
1560 2043 1708 2077 nomine

348 2095 466 2143 -quod
493 2095 705 2129 Pausaniam
737 2106 893 2137 amaret,
926 2099 987 2130 sed
1013 2099 1094 2144 quia
1123 2099 1264 2132 infensa
1287 2100 1455 2145 Philippo
1485 2101 1528 2133 ob
1554 2101 1709 2146 Cleopa-

372 2161 446 2185 trae
471 2152 608 2197 nuptias
631 2153 843 2186 Pausaniam
867 2154 935 2188 alia
963 2156 1005 2188 de
1038 2167 1142 2189 causa
1168 2156 1284 2189 eidem
1311 2156 1478 2203 Philippo
1506 2154 1637 2191 iratum
1663 2157 1707 2190 ad

370 2209 506 2243 facinus
527 2208 821 2243 exstimulaverit.

428 2264 486 2310 (2)
517 2265 674 2299 Isidorus
710 2267 832 2314 Etym.
857 2278 979 2302 xvrrr.
1005 2272 1060 2302 47.
1090 2268 1165 2301 ait:
1213 2269 1418 2316 Thymelici
1456 2280 1557 2304 erant
1588 2271 1710 2304 musici

374 2323 499 2357 scenici
532 2323 590 2369 qui
614 2323 648 2354 in
670 2325 814 2369 organis
845 2334 877 2357 et
899 2323 993 2371 lyris
1017 2334 1049 2357 et
1073 2325 1218 2358 citharis
1241 2325 1504 2371 praecinebant.
1553 2327 1597 2361 Ec
1620 2327 1710 2360 dicti

375 2377 560 2426 thymelici
587 2378 679 2425 qnod
705 2380 789 2413 olim
817 2382 852 2413 in
873 2381 1051 2415 orchestra
1078 2391 1212 2415 stantes
1244 2382 1436 2416 cantabant
1458 2396 1563 2429 super
1585 2382 1708 2428 pulpi-

375 2445 467 2476 tum,
495 2435 588 2482 quod
613 2434 771 2481 thymele
803 2437 1004 2470 rncabamr.
1055 2441 1131 2472 Iam
1161 2439 1351 2472 certamina
1381 2440 1514 2473 musica
1547 2453 1588 2473 vo
1617 2449 1707 2473 tem-

374 2505 458 2538 pore
481 2491 659 2538 proposita
685 2505 702 2525 a
728 2493 895 2540 Philippo
924 2503 1039 2528 narrat
1069 2496 1176 2529 etiam
1203 2497 1384 2530 Diodorus
1410 2507 1495 2530 xvr.
1518 2501 1571 2530 91.

429 2546 489 2595 (3)
526 2548 649 2594 liaptu
677 2550 891 2584 archaismus
926 2564 990 2596 pro
1021 2554 1149 2598 raptui.
