1752 3116
561 170 926 212 *ALEXANDRI
1366 175 1418 209 50

77 287 226 334 sauris
258 287 448 350 potitur
467 287 515 320 ‘²³
547 285 992 334 etamoenitatibus
1023 286 1215 332 aulicis:
1255 301 1420 347 quam-

75 371 148 415 vis
194 373 321 435 regia
365 372 465 436 igni
509 371 714 424 abolita,
768 371 881 416 odio
908 370 957 401 (a)
991 371 1148 416 Xersii
1186 369 1414 422 iniuriae,

74 465 185 499 tum
230 455 352 518 regis
389 450 810 516 v·oluptatibus<³''‚
859 454 951 501 etsi
996 454 1095 498 iam
1131 453 1254 504 suis,
1303 450 1416 497 abo-

72 536 175 581 litis
201 535 273 582 (ωε
321 537 507 584 scilicet
551 550 605 583 ut
638 537 796 583 vicem
831 537 998 583 damni
1031 554 1084 583 ac
1117 535 1239 581 labis
1273 534 1414 579 meri·

71 631 201 672 tum,
252 637 398 682 quam
438 620 526 666 ille
570 620 815 666 invexerat
861 622 1072 674 Graecis,
1129 628 1416 681 repensaret.

174 706 386 749 LXVIII.
422 704 551 748 Hinc
597 703 817 748 Mediam
862 703 1028 768 dirigit
1070 702 1230 748 studio
1278 700 1416 746 Darii
1460 731 1648 778 Persequi-

72 786 317 848 capiendi,
369 787 475 848 qui,
524 787 565 831 si
611 786 810 832 ulterius
853 799 1137 850 urgueretur
1181 785 1491 830 insectan-tur
1539 789 1648 825 Dari—

69 871 200 915 tium
242 870 534 931 pervicacia,
582 871 785 915 transire
830 869 1106 916 decreverat
1140 869 1199 914 ad
1232 872 1414 928 Hyrca—
1432 862 1506 883 um.

70 954 219 997 niam.
301 952 490 1014 Quippe
528 953 705 998 Darius
758 958 924 998 Bactra
968 956 1251 1016 populatus,
1305 965 1413 997 tum

69 1035 298 1082 omnibus
333 1034 613 1097 adpetendis
649 1037 886 1098 corruptis
926 1050 1006 1082 aut
1040 1038 1305 1083 amandatis
1331 1035 1410 1089 (d),

67 1120 285 1182 dampno
329 1120 538 1184 regionis
564 1119 610 1152 (ὅ)
645 1132 810 1165 contra
857 1120 1158 1182 insequentes
1201 1120 1412 1166 cavebat.

67 1210 136 1250 Ac
169 1203 329 1265 siquid
372 1203 467 1249 sibi
501 1204 687 1267 regium
723 1216 805 1248 aut
851 1203 909 1248 de
944 1203 1124 1249 affectu
1172 1205 1301 1267 regio
1338 1221 1412 1247 su-

67 1286 365 1348 persederat,
421 1286 474 1331 id
520 1303 665 1332 omne
711 1286 811 1329 iam
846 1286 986 1345 Pylas
1022 1287 1200 1348 caspias
1234 1287 1411 1350 relega-

67 1369 236 1423 1·at·f)‚
274 1386 466 1430 unaque
499 1368 847 1415 comitantibus
880 1380 927 1412 et
959 1370 1171 1420 utilitate
1207 1368 1408 1421 devotis,

64 1466 121 1498 ut
156 1451 470 1514 opinabatur,
527 1468 647 1514 quos
681 1469 730 1497 se
765 1451 899 1514 sequi
922 1450 971 1489 (ὅ)
1007 1459 1249 1516 coegerat,
1306 1468 1411 1497 mo-

62 1535 272 1583 rabatur.

161 1625 328 1669 LXIX.
367 1626 471 1685 Qua
506 1637 558 1666 re
592 1633 843 1683 conperta,
882 1620 1172 1667 duodecima
1207 1619 1408 1666 demum
1470 1651 1599 1688 Darius
1623 1663 1640 1685 a

62 1706 143 1751 die
176 1704 396 1750 Mediam
429 1705 700 1751 Alexander
734 1705 952 1757 advolat,
1008 1705 1139 1766 quod
1174 1704 1303 1750 exim
1337 1705 1407 1748 uJ-
1424 1712 1514 1745 Beso
1531 1710 1644 1755 capri-

59 1800 137 1834 tra
172 1787 388 1834 abiturus
423 1789 600 1834 Darius
635 1788 896 1839 ferebatur,
967 1787 1057 1835 Sed
1099 1789 1198 1833 iam
1233 1788 1409 1851 digres-
1425 1778 1529 1801 vatur
1543 1777 1641 1800 ‘³³¹³'

58 1889 171 1919 sum
202 1857 300 1918 una
331 1872 567 1918 thesauris
601 1872 873 1933 insequitur
906 1872 1049 1916 unius
1085 1871 1185 1917 diei
1219 1870 1407 1931 reliquo

58 1956 347 2002 intervallo:
395 1954 634 2018 rescitque
666 1971 692 2000 a
729 1955 999 2019 transfuga,
1050 1966 1292 2016 pertaesos
1330 1970 1409 1999 co-

59 2039 204 2086 mites
250 2039 392 2104 fugae
439 2040 563 2092 eius,
626 2055 714 2083 ceu
757 2038 797 2083 si
843 2039 894 2082 in
939 2038 1146 2102 gratiam
1176 2037 1405 2099 potioris,

59 2124 267 2168 Darium
300 2122 476 2169 habere
511 2122 600 2170 sub
636 2123 881 2167 vinculist.
909 2126 1082 2167 Besum
1118 2139 1232 2167 vero
1268 2122 1407 2166 satel-

1427 1825 1607 1859 terficitur.

56 2207 198 2251 litem
233 2207 356 2270 regis
393 2208 491 2252 eius
539 2207 746 2269 insignia
783 2207 1030 2267 recepisse.
1100 2205 1254 2268 Igitur
1288 2216 1405 2250 voto

92 2347 146 2378 (α)
169 2346 252 2374 cod.
278 2343 404 2374 scholica
435 2345 534 2373 odito.
579 2343 623 2377 cb)
647 2346 732 2373 cod.
764 2343 994 2373 vo.·⁷m:‘(;l.r'h.vu.
1045 2346 1090 2375 (c)
1116 2344 1194 2372 cad.
1219 2342 1405 2372 abolendis.

59 2394 113 2426 (d)
139 2394 221 2422 Cod.
256 2394 459 2425 emendatis.
498 2399 541 2427 (e)
574 2396 659 2423 cod.
696 2398 778 2434 mgi.
828 2397 885 2430 (f)
911 2395 992 2423 Cod.
1021 2393 1199 2434 relegerat.
1244 2402 1292 2432 (gs
1320 2393 1402 2421 (jod.

60 2454 148 2484 quae
170 2451 330 2474 secatene.

120 2547 175 2592 (1)
210 2549 378 2594 Sequitur
407 2547 559 2592 spatium
590 2547 692 2581 unius
724 2549 897 2580 τοσῇῖιιςζὶ.
