1732 3121
551 191 655 231 SEV
683 190 856 232 LIBER
882 189 959 230 ΙΙΙ.
1340 187 1420 230 245

82 309 215 348 »ηἰςιι
247 315 474 348 extractus
492 305 545 339 (a)
579 309 632 348 de
653 304 854 365 flumine
873 315 951 349 est.
1025 307 1249 347 Hactenus
1274 307 1417 360 igitur

81 384 252 423 »noctis
275 381 536 428 illiusnobis
556 381 745 433 periculi
755 381 870 436 finis
883 375 1020 436 fuit..

160 453 365 491 XXXIV.
405 457 591 507 »Longe
611 463 754 494 tamen
776 454 995 492 molestius
1017 455 1128 506 (quo
1150 454 1262 491 enim
1277 454 1416 493 caveri

79 525 346 584 »difficilius
385 527 512 580 erat)
558 528 676 582 quod
702 536 802 578 post
840 527 996 567 evenit.
1071 525 1268 565 Tenebris
1302 528 1414 564 enim

74 616 100 640 >›
111 610 213 653 post
234 615 424 641 occasum
445 601 575 640 lunae
604 602 750 640 omnia
773 598 1142 646 ubumbrantibus‚
1173 601 1414 652 ynitalopi-

75 687 181 713 »cas
203 671 254 702 (¹)
286 676 440 714 viseres
461 675 514 713 de
534 673 706 713 harenis
724 667 969 729 profundis
998 685 1210 725 emergere
1235 687 1317 712 non
1337 674 1413 712 mi-

74 762 190 787 »nus
212 748 508 799 longitudinis
537 747 696 786 cubitis
720 756 780 785 ·X·
806 759 960 800 eaeque
988 759 1070 798 quo
1102 755 1310 797 poterant
1341 746 1414 786 710·

69 822 240 860 »mines
262 811 470 860 involant·
537 821 654 859 Tunc
674 833 728 859 ex
747 819 878 859 isdem
902 817 1076 858 harenis
1090 820 1342 858 corcodrilli
1367 814 1413 849 (ᾖ)

69 896 239 933 »etiam
279 902 478 933 extantes
515 894 681 943 passim
716 893 931 932 invadunt
959 893 1267 944 quadrupedia
1299 892 1414 930 mili·

69 969 234 1006 »tarim
293 968 364 1006 Ad
384 965 487 1004 haec
506 962 551 995 (ι’)
583 965 717 1004 alites
735 965 888 1018 quibus
915 964 1036 1015 apud
1059 978 1135 1003 nos
1166 964 1411 1004 vocabulum

71 1056 92 1077 >³
105 1039 363 1090 vespertilio
390 1046 481 1084 est,
511 1039 586 1077 sed
605 1052 716 1092 quae
736 1039 830 1078 illic
850 1052 980 1089 super
1000 1036 1216 1076 columbae
1248 1039 1413 1089 magni-

67 1127 91 1149 θ)
103 1113 300 1152 tudinem
312 1140 326 1158 ‚
347 1110 551 1160 dentibus
569 1119 712 1150 autem
737 1108 791 1141 (d)
818 1113 875 1150 ad
899 1111 1074 1149 humaui
1097 1111 1236 1149 rictus
1272 1111 1410 1150 valen-

67 1187 213 1224 »tiam
236 1198 390 1224 saevae
409 1191 533 1232 sunt,
563 1185 862 1224 circumvolare
878 1197 1052 1234 coepere
1066 1211 1081 1229 ,
1113 1191 1157 1221 et
1175 1182 1411 1236 quibusque

66 1258 420 1297 »incautioribus
447 1271 571 1296 aures
593 1266 671 1296 aut
702 1272 826 1297 nares
847 1266 925 1296 aut
952 1257 1119 1308 digitos
1142 1270 1406 1306 praesecare.

66 1347 89 1369 >v
109 1333 211 1370 Tum
237 1331 532 1370 rlzinocoraces
553 1332 770 1370 insecutae
782 1339 801 1381 ,'
827 1331 906 1370 sed
933 1344 1006 1369 eae
1044 1344 1147 1369 sane
1187 1344 1318 1384 neque
1349 1331 1409 1370 ad

64 1404 290 1444 »homines
313 1402 582 1450 saeviebant3
614 1417 746 1458 neque
761 1404 884 1454 ignes
894 1411 1048 1441 temere
1068 1403 1331 1444 advolabant
1349 1403 1407 1444 (²).

59 1492 82 1515 >›
102 1478 287 1516 Tandem
315 1478 460 1528 igitur
483 1479 717 1517 restitutus
731 1477 823 1515 diei
845 1475 1177 1531 intelligensque
1206 1480 1251 1517 in
1275 1492 1408 1531 quan-

56 1559 142 1590 »ta
169 1550 424 1589 discrimina
441 1550 722 1600 proderemur
745 1551 797 1589 ab
815 1551 929 1589 hisce
958 1551 1087 1590 Indis
1112 1553 1188 1604 qui
1223 1565 1311 1591 sese
1340 1566 1408 1590 sa-

56 1624 258 1662 »lucar-cs
283 1623 442 1662 itineri
461 1619 507 1655 (Γ)
527 1617 724 1679 futuros
753 1638 841 1664 esse
880 1624 1003 1664 nobis
1034 1624 1222 1675 polliciti
1255 1633 1405 1673 erant,

57 1710 166 1735 »eos
193 1690 444 1749 obfraudis
468 1698 669 1736 meritum
701 1699 832 1737 isdem
858 1701 982 1751 aquis
1011 1699 1278 1748 praecipites
1306 1698 1408 1736 dari

55 1784 78 1806 »
91 1771 318 1822 necarique
345 1771 561 1819 praecepi.
619 1773 764 1823 Atque
785 1773 885 1810 exin
912 1772 981 1810 usi
1013 1772 1170 1809 itinere
1195 1771 1402 1821 rectiore,

55 1843 265 1881 »tandem
290 1841 564 1880 restituimur
583 1843 683 1883 viae
706 1858 816 1897 quae
842 1857 915 1883 uos
937 1843 996 1882 ad
1019 1842 1272 1882 Prasiacam
1302 1851 1399 1881 tuto

53 1929 76 1952 »
86 1915 330 1956 deduceret.

1463 453 1571 489 Aliae
1581 449 1645 499 se>-

1433 525 1504 545 ''CXC-

138 1986 322 2028 XXXV.
364 1990 552 2041 »Igitur
590 2003 682 2028 cum
717 1990 930 2042 oppidum
968 1988 1182 2043 quoddam
1221 1988 1399 2039 opulens
1417 1987 1593 2026 Procella-

50 2075 187 2102 »sane
211 2070 252 2101 et
277 2061 528 2102 habundans
553 2062 746 2103 omnibus
769 2056 1011 2119 refectioni
1031 2061 1239 2101 humanae
1260 2075 1398 2100 neces-

52 2137 218 2175 »sariis
241 2135 584 2188 advenissemus,
621 2137 887 2187 recipiendis
921 2134 1080 2177 viribus
1117 2134 1275 2174 ibidem
1302 2135 1397 2174 dies

51 2210 273 2262 »quinque
293 2210 596 2262 transegimus.
656 2211 892 2249 Enimvero
918 2223 1007 2247 cum
1030 2217 1160 2248 sexta
1178 2210 1262 2247 iam
1284 2209 1396 2247 redi-

81 2353 134 2384 (a)
162 2351 243 2382 cod.
268 2359 438 2381 extracta.
477 2350 522 2385 (b)
547 2354 597 2380 Ita
620 2352 696 2380 cod.
731 2353 775 2384 (c)
803 2348 887 2379 Cod.
917 2346 1039 2378 adhuc.
1076 2348 1129 2384 (d)
1159 2349 1241 2381 cod.
1263 2357 1388 2379 tamen.

46 2403 92 2435 (e)
120 2400 206 2430 eod.
233 2399 446 2431 advolebanc.
494 2401 550 2436 (f)
577 2399 660 2429 cod.
682 2399 850 2430 salutaris
874 2399 1015 2428 itineris.

104 2515 163 2562 (1)
196 2517 233 2552 Si
272 2517 437 2564 respicias
469 2516 514 2549 ad
544 2516 732 2562 epistolam
769 2516 923 2558 editam,
964 2515 1130 2549 videntur
1166 2513 1390 2560 intelligendi

45 2574 152 2607 indici
175 2586 300 2608 mures·
