1732 3121
523 255 627 296 SEV
648 257 820 297 LIBER
843 255 920 296 111.
1298 259 1348 294 27
1353 257 1377 293 5

36 381 84 416 et
119 385 449 432 quaecumque
482 369 588 416 usui
631 381 743 415 sunt
777 368 836 413 ad
882 369 1110 414 militiam
1155 367 1379 431 putrefit·-

39 464 177 506 rent,
230 470 398 499 verum
441 453 556 516 ipsis
603 452 749 498 etiam
792 468 877 513 per
924 451 1241 516 indigentiam
1287 454 1382 498 cal-

10 536 292 582 ‘ciamentis
312 539 363 568 ‘a’
398 536 577 599 pedum
611 535 822 596 plurima
847 535 1081 597 pernicies
1104 535 1380 581 inferretur.

41 619 235 681 Quippe
268 618 354 666 ubi
389 617 519 664 nudo
555 617 758 680 vestigio
801 634 886 679 per
929 619 1036 663 loca
1082 634 1245 680 aspera
1293 619 1380 662 hu·

40 701 267 764 midaque
301 702 489 764 perpeti
522 698 687 746 labore
722 701 1036 747 traherentur.
1080 706 1250 763 Neque
1263 717 1378 745 vero

37 783 89 829 id
124 784 214 830 sub
249 784 405 831 isdem
447 781 684 829 imbribus
728 783 846 830 adeo
895 785 1184 837 molestum,
1234 800 1379 845 quam

41 867 356 914 redeuntibus
392 868 443 913 in
488 865 710 912 naturam
756 869 989 929 temporis
1030 868 1213 915 solibus
1261 867 1379 912 fuit:

40 951 261 1012 quamvis
295 950 586 1012 intemperie
619 950 704 994 illa
735 962 782 995 et
816 950 1088 996 tonitruum
1111 952 1384 1013 plurimum

39 1046 89 1080 et
121 1034 276 1079 iactus
310 1033 578 1078 fulminum
606 1032 798 1079 crebros
834 1035 1019 1094 experti
1053 1047 1223 1087 essent,
1257 1039 1385 1080 Nam

48 1128 98 1161 et
131 1132 274 1162 voces
318 1116 525 1161 incertas
568 1128 846 1162 resonantes
891 1115 1140 1163 audierant
1183 1129 1232 1163 et
1276 1133 1388 1178 por-

46 1210 268 1245 tentuosa
290 1194 336 1231 (ᾗ)
373 1199 584 1260 plurima
619 1197 915 1245 eiuscemodi
951 1202 1136 1261 experti
1171 1212 1321 1246 erant.

142 1285 404 1332 LXXVIII.
441 1281 539 1327 Ubi
572 1298 686 1328 vero
722 1282 820 1327 iam
846 1281 906 1329 ad
929 1283 1196 1328 Prasiacam
1220 1282 1393 1328 adven·
1437 1279 1619 1314 Prasiacae

47 1363 241 1418 ‘abant’
295 1366 689 1428 Tympanimque
734 1363 931 1418 flumen,
994 1367 1123 1428 quod
1171 1367 1392 1430 dispertit
1410 1338 1621 1381 ¹¹³³g¹¹¹‘”‘¹⁰

1410 1402 1444 1427 et
1480 1402 1621 1427 otenna.

48 1448 330 1495 huiusmodi
365 1449 663 1501 conlimiffia,
701 1448 1013 1503 transierant,
1051 1451 1272 1512 conperit
1302 1450 1394 1495 ibi·
1454 1406 1475 1440 P

49 1531 162 1578 dem
183 1531 234 1564 (¹)
270 1549 413 1594 super
449 1530 784 1596 magnitudine
819 1531 918 1576 eius
961 1534 1118 1595 gentis
1165 1550 1220 1579 ac
1271 1533 1396 1597 regis

50 1616 274 1678 potentia
317 1616 401 1677 qui
452 1614 694 1659 Prasiacae
745 1613 999 1674 potiretur.
1065 1615 1259 1678 Quippe
1309 1616 1402 1660 ista

55 1700 270 1745 Prasiaca
304 1709 505 1760 propter
542 1712 777 1742 oceanum
812 1697 928 1751 sita,
978 1713 1075 1760 quo
1112 1697 1170 1743 de
1216 1698 1401 1759 reliqua

58 1781 316 1827 hominum
349 1780 492 1826 turba
527 1780 792 1833 semotior,
829 1781 922 1826 hoc
950 1779 1010 1825 ad
1034 1781 1404 1826 multitudinem

59 1880 255 1926 quoque
301 1865 479 1927 largius
530 1863 670 1911 vivit.
736 1862 956 1910 Addebat
1001 1871 1162 1909 autem
1183 1864 1232 1897 (θ)
1274 1863 1404 1908 fama

58 1959 136 1994 tot
172 1948 542 2009 elephantorum
589 1946 736 1992 etiam
782 1946 919 1992 milia
966 1963 1064 1993 esse
1108 1947 1233 2010 regi,
1286 1957 1408 2007 quot

62 2031 193 2094 apud
225 2031 346 2076 alios
381 2032 670 2092 plerumque
703 2046 843 2090 super
885 2028 1168 2077 hominibus
1204 2031 1408 2075 mentia-

100 2199 152 2231 (α)
176 2197 261 2226 Cod.
286 2197 430 2226 videtur
463 2197 592 2225 habere
619 2195 928 2226 calciamentorum.
977 2193 1026 2229 (b)
1064 2197 1111 2225 Ita
1148 2195 1227 2224 cod.
1264 2195 1342 2223 heic
1379 2198 1416 2224 et

66 2255 140 2283 cap.
165 2256 275 2276 xxxi.
301 2248 355 2275 Sic
379 2247 504 2283 legitur
526 2254 770 2282 monstruosus,
796 2254 995 2276 montuosus.
1042 2247 1086 2279 (c)
1111 2246 1194 2275 cod.
1220 2252 1348 2274 tamen.

125 2384 188 2436 (1)
221 2389 317 2434 Ergo
356 2390 503 2435 epistola
536 2391 736 2426 Alexandri
774 2391 818 2424 ad
850 2391 1084 2425 Aristotelem
1114 2389 1244 2435 scripta
1274 2387 1419 2422 videtur

72 2453 155 2491 post
176 2447 244 2478 hoc
266 2446 354 2487 iter,
384 2447 549 2492 quoniam
573 2448 610 2481 in
631 2461 672 2481 eo
695 2448 826 2493 scripto
845 2447 894 2480 ait
921 2446 1127 2481 Alexander
1149 2460 1221 2480 non
1247 2447 1357 2480 semel
1383 2457 1418 2478 se

75 2502 216 2534 venisse
247 2501 284 2535 in
309 2503 519 2537 Prasiacam.
572 2505 705 2539 Confer
736 2505 842 2538 huius
869 2503 954 2537 libri
987 2503 1103 2550 capita
1132 2514 1254 2539 xxm.
1285 2512 1419 2537 xxvn.

80 2567 229 2594 XXXIV.
259 2569 426 2593 xxxvu.
461 2570 578 2595 XLIII.

1055 2613 1158 2661 18*
