1752 3116
556 194 821 232 PRAEFATIO
1281 195 1300 226 1
1307 196 1330 226 0
1340 193 1354 225 1

8 304 66 343 *lii
88 303 250 344 Valerii
273 304 553 360 praeponitur
583 304 766 343 auctoris
794 302 861 342 sui
885 315 1061 350 nomen,
1092 309 1141 339 ut
1162 300 1358 355 deinceps

19 360 177 409 (licam,
207 373 294 399 non
318 377 404 401 uno
429 362 474 400 in
497 359 656 400 codice.
696 360 887 399 lamvero
921 369 968 397 ut
1003 358 1130 407 illuc,
1162 357 1272 395 unde
1294 359 1358 395 in-

19 417 145 471 cepi,
172 427 388 468 revertar,
418 418 517 457 haec
548 418 729 456 historia
755 416 926 455 brevior
947 413 1102 454 codicis
1134 413 1359 452 ambrosia-

17 473 65 510 ni
103 473 183 527 (F.
207 477 333 528 129.)
363 474 546 514 totidem
572 489 695 528 saepe
716 472 860 512 verbis
885 471 994 527 apud
1023 470 1361 510 Bellovaeensem

17 531 216 569 occurrit.
281 531 380 570 Etsi
406 541 546 571 autem
582 531 889 569 Bellovacensis
922 544 996 567 nec
1027 529 1163 582 ipsum
1203 526 1359 564 Iulium

21 585 237 626 Valerium
271 586 390 637 edit,
441 601 580 642 neque
611 601 705 624 eum
739 601 931 640 umquam
964 580 1168 640 appellat3
1221 593 1361 621 tamen

19 642 120 697 quia
144 643 307 683 rivulos
330 643 382 682 ab
409 643 489 683 hoc
520 644 715 698 proxime
735 642 937 681 deductos
963 651 1171 688 sectatur,
1202 639 1357 678 idcirco

17 699 54 737 is
84 699 128 736 in
157 699 261 738 Iulii
286 700 476 749 Valerii,
507 701 544 738 si
576 700 715 738 minus
755 698 1012 746 lectoribus,
1048 707 1160 736 certe
1194 696 1359 735 asseclis

18 755 325 810 quodammodo
347 755 628 795 numerandus
653 755 823 794 videtur
840 757 908 794 (¹).

104 819 143 852 2.
174 812 317 853 Divus
339 813 584 852 Antoninus
606 813 845 852 Florentiae
865 810 1064 867 pontifex
1091 809 1137 847 in
1160 809 1360 848 Chronici

13 870 146 908 titulo
184 880 334 924 quarto
358 885 446 924 cap.
467 869 528 909 H.
561 869 705 908 eadem
739 883 873 925 paene
901 868 1051 907 recitat
1087 881 1193 921 quae
1221 867 1377 905 Bello-⁷

15 929 225 965 vacensis.
280 927 391 981 Quia
419 936 559 964 tamen
581 925 795 964 interdum
823 939 910 964 non
936 924 1203 962 mediocriter
1228 923 1278 962 ab
1309 936 1358 961 vo

15 981 186 1032 differt,
227 981 383 1022 idcirco
418 983 661 1021 Antoninus
691 997 779 1021 non
823 996 987 1036 semper
1020 981 1358 1020 Bellovacensem

16 1040 320 1094 exscripsisse,
360 1038 435 1078 sed
466 1038 678 1093 exemplar
705 1038 874 1094 aliquod
908 1038 1035 1093 paulo
1067 1036 1280 1077 diversum
1309 1033 1358 1072 ad

15 1111 181 1134 manum
217 1095 417 1134 habuisse
458 1095 630 1137 videtur
660 1095 849 1133 eiusdem
878 1095 1090 1135 brevioris
1128 1093 1358 1139 historiae,

16 1167 138 1206 quam
171 1152 327 1207 etipse
362 1152 544 1207 appellat
572 1158 756 1193 historiam
782 1157 1007 1193 Alexandri.
1062 1151 1247 1189 Eatenus
1277 1148 1357 1204 igi-

14 1218 84 1246 tur
112 1219 309 1263 excerpta
338 1209 572 1257 Antonini,
604 1218 811 1263 quatenus
847 1207 1183 1253 Bellovacensis‚
1214 1205 1264 1244 ad
1287 1205 1358 1241 lu-

13 1265 117 1303 lium
142 1266 356 1303 Valerium
373 1266 605 1320 pertinent.

101 1324 140 1361 3.
173 1321 373 1361 Claudius
395 1320 639 1361 Chiffletius
673 1321 718 1358 in
757 1320 966 1360 Ammiani
1000 1319 1241 1359 Marcellini
1271 1319 1357 1356 vita

18 1380 101 1427 ait,
133 1379 234 1418 huic
255 1378 452 1433 scriptori
475 1378 759 1430 synchronum
784 1378 918 1417 fuisse
942 1377 1100 1415 Iulium
1126 1376 1356 1415 Valerium.

18 1435 145 1474 Unde
166 1449 269 1474 vero
289 1434 333 1472 id
351 1443 610 1488 compertum
620 1432 841 1473 Chiffletio
865 1433 967 1483 fuit,
999 1433 1085 1471 nisi
1111 1447 1164 1470 ex
1186 1432 1357 1488 cognito

14 1493 149 1548 ipsius
172 1491 334 1531 Valerii
362 1505 490 1546 opere
509 1490 593 1529 (2)?

98 1550 140 1592 4.
174 1548 418 1588 Franciscus
438 1547 608 1586 Iuretus
628 1546 679 1585 ad
701 1546 934 1599 Symmachi
965 1546 1354 1601 epistolamxxxm.

18 1605 121 1646 libri
139 1623 198 1646 1v.
238 1603 334 1658 (ed.
353 1605 482 1661 paris.
507 1619 574 1643 an.
599 1620 741 1644 mnc1v.
767 1605 811 1642 in
832 1602 1006 1642 miscell.
1032 1618 1076 1657 p.
1102 1603 1228 1655 127.)
1262 1616 1355 1655 par·

14 1662 186 1702 ticulam
207 1660 408 1702 ineditam
431 1661 580 1700 recitat
600 1661 759 1716 Aesopi
782 1662 825 1699 in
846 1661 935 1699 vita
947 1658 1177 1698 Alexandri
1199 1657 1354 1715 magni.

12 1718 255 1759 Dicendum
277 1727 417 1758 autem
433 1718 580 1757 Iureto
598 1717 733 1757 fuisse
757 1722 885 1757 Iulium
906 1722 1092 1758 Valerium
1113 1729 1189 1771 pro
1213 1721 1358 1767 Aesopo

13 1788 91 1817 nos
123 1790 198 1815 suo
229 1775 322 1814 loco
353 1775 571 1815 docuimus
601 1775 675 1811 (ωε
707 1773 957 1829 praesertim
985 1788 1115 1828 quum
1141 1771 1358 1810 emendate

16 1836 185 1874 locutus
205 1830 363 1870 fuisset
382 1831 494 1870 idem
517 1831 685 1869 Iuretus
714 1832 758 1868 in
781 1831 925 1884 priore
954 1829 1143 1868 editione
1167 1827 1357 1878 Symma-

11 1891 81 1931 chi
114 1889 276 1943 (Paris.
304 1903 370 1927 an.
399 1904 589 1928 uanxx.
627 1889 673 1925 in
696 1888 811 1925 notis
842 1901 886 1940 p.
913 1889 1017 1940 97.)
1044 1885 1094 1924 ad
1114 1884 1218 1923 libri
1244 1883 1358 1922 deci-

12 1948 70 1987 mi
99 1945 317 2002 epistolam
339 1962 423 1985 mv.
447 1945 514 1983 his
538 1943 706 1983 verbis:
738 1944 968 1998 »Aesopus
997 1943 1041 1981 in
1063 1943 1152 1981 vita
1175 1941 1358 1979 Alexan-

15 2022 40 2046 »
55 2002 119 2041 dri
152 2002 290 2058 magni
322 2001 433 2040 Iulio
456 2002 628 2041 Valerio
666 2001 927 2054 interprete,
969 2013 1095 2053 quem
1129 1997 1356 2036 manuscri-

17 2078 42 2102 )>
53 2070 173 2115 ptum
195 2058 352 2108 habeo,
382 2066 542 2098 secretim
568 2073 645 2113 Pro
672 2072 805 2098 secreto
829 2055 964 2094 dixit:
998 2060 1230 2096 Nectanabus
1262 2061 1357 2093 acci-

11 2133 36 2158 »
49 2124 180 2170 pitrem
201 2123 362 2155 secretim
379 2115 530 2167 parat.»

102 2177 141 2213 5.
176 2170 350 2210 Carolus
387 2170 572 2228 Gangius
609 2172 654 2209 in
685 2169 890 2228 glossario
921 2169 1082 2207 mediae
1116 2179 1158 2207 et
1189 2168 1356 2207 infimae

14 2229 255 2287 graecitatis
289 2243 384 2268 voc.
419 2237 587 2279 ὲβέλλιυος
619 2228 722 2267 haec
757 2228 841 2265 ait:
896 2225 1217 2265 »Callisthenes
1264 2239 1356 2263 ,ms-

75 2345 135 2392 (1)
168 2346 268 2380 Idem
300 2345 374 2378 fere
405 2345 594 2379 dicendum
619 2345 713 2391 quod
747 2345 883 2377 adtinet
910 2344 955 2377 ad
981 2343 1069 2377 duos
1096 2342 1190 2377 locos
1215 2354 1259 2377 ex
1283 2342 1360 2387 epi-

17 2405 111 2437 stola
144 2402 344 2438 Alexandri
376 2402 421 2435 ad
452 2402 686 2437 Aristotelem
724 2401 886 2434 laudatos
925 2413 944 2434 a
975 2399 1220 2434 Bellovaeensi
1256 2399 1358 2446 Spec.

16 2469 133 2495 natur.
158 2470 233 2494 xu-
255 2464 310 2494 43.
338 2463 393 2494 67.

79 2516 138 2561 (2)
169 2517 302 2551 Recole
325 2515 419 2549 dicta
440 2514 477 2548 in
503 2515 654 2559 praefat.
679 2515 722 2547 ad
749 2515 910 2549 itinerar.
939 2525 1013 2559 cap.
1041 2523 1095 2549 vr.

78 2574 136 2618 (3)
167 2573 226 2608 Ad
244 2573 330 2608 Iulii.
348 2572 483 2608 Valerii
510 2572 573 2606 lib.
599 2573 627 2605 Ι.
660 2584 735 2617 cap.
762 2579 873 2606 x1.vr.
904 2572 941 2605 in
963 2579 1058 2606 nota.
