1752 3116
196 1050 353 1084 Alexan-

140 1106 201 1138 der
245 1107 352 1140 Dari-

139 1176 199 1196 um
245 1163 352 1196 semi-

138 1232 259 1253 necem
287 1220 351 1253 ad-

137 1277 306 1323 sequitur.

383 164 463 199 210
764 159 1115 218 ALEXANDRI
1145 160 1328 202 ACTVS

381 271 474 325 Hi,
511 273 754 335 cuniiam
790 271 1064 319 rumoribus
1099 272 1409 319 calidioribus
1430 272 1591 320 adesse
1610 274 1717 320 Ale·

381 354 562 401 xander
594 357 921 409 nuntiaretur,
971 356 1065 401 rati
1097 373 1146 401 se
1191 356 1462 416 plurimum
1516 358 1569 402 in
1616 373 1718 421 gra-

380 438 499 483 tiam
543 440 817 500 provisuros
874 455 974 484 esse
1016 439 1215 485 victoris
1267 439 1308 484 si
1352 450 1522 485 necem
1567 440 1752 504 Dario¹

379 522 677 576 intulissent,
713 538 875 586 regem
908 538 1054 567 suum
1086 523 1139 566 in
1174 538 1255 567 sua
1284 522 1412 585 regia
1446 521 1721 567 solitarium

378 605 665 666 opprimunt
701 616 748 650 et
781 605 992 650 letaliter
1013 605 1270 650 vulnerant
1285 637 1296 657 ,
1333 620 1386 648 ac
1407 604 1448 650 si
1471 604 1570 648 iam
1591 620 1721 650 mor-

375 699 517 733 tuum
564 687 933 750 derelinquunt:
981 688 1313 733 cautissimum
1341 686 1392 719 (⁴²)
1430 685 1722 732 confirman-

375 783 444 817 tes
479 772 521 817 si
556 771 789 832 tantisper
823 789 848 817 a
896 781 1158 833 conspectu
1201 769 1464 816 Alexandri
1503 769 1719 815 recessis-

373 864 500 906 sent,
539 852 770 900 donicum
789 854 916 900 illud
936 853 1123 900 facinus
1153 851 1283 914 quod
1317 863 1648 914 perpetrarant
1669 847 1716 884 (ὅ)

372 927 421 981 et
453 936 612 982 victor
644 936 985 998 perpenderet,
1022 936 1364 1000 divulgaretur,

468 1021 658 1065 XXXV.
704 1024 902 1082 Iamque
945 1021 1178 1066 exercitus
1224 1017 1553 1065 Macedonum
1613 1032 1718 1062 rur-

367 1118 447 1147 sus
483 1119 507 1147 a
543 1115 699 1166 strage
733 1103 792 1149 ad
827 1114 1096 1149 memorata
1143 1101 1321 1148 fluenta
1360 1101 1717 1153 transmiserat,

369 1197 417 1231 et
462 1185 728 1232 Alexander
771 1188 993 1246 protinus
1046 1184 1386 1246 superveniens
1440 1185 1621 1248 regiam
1663 1183 1716 1228 in

370 1285 463 1331 qua
499 1268 745 1314 observari
780 1269 985 1314 Darium
1020 1279 1306 1329 conpererat
1325 1267 1505 1313 cursim
1533 1267 1716 1312 inrum-

367 1353 465 1413 pit,
503 1368 711 1413 eumque
746 1369 908 1399 recens
942 1353 1252 1398 vulneratum
1288 1361 1431 1411 atque
1451 1348 1606 1395 adhuc
1621 1349 1715 1412 spi·

368 1446 557 1480 rantem
592 1435 833 1482 miseriter
876 1434 1088 1482 offendit
1106 1433 1170 1479 (ἲ).
1219 1433 1311 1481 Sed
1356 1434 1408 1478 id
1442 1433 1716 1481 Alexandro

367 1519 497 1563 ultra
532 1519 788 1580 opiniones
822 1519 1049 1565 omnium
1083 1517 1241 1563 flebile
1267 1529 1315 1563 et
1335 1519 1612 1563 luctuosum
1635 1516 1715 1562 ad·

366 1600 571 1647 modum
606 1600 714 1647 fuit.
783 1602 962 1647 Videns
997 1601 1129 1646 enim
1164 1601 1455 1662 participem
1490 1601 1622 1646 illius
1644 1617 1714 1646 re-

365 1684 434 1748 gii
467 1685 682 1730 nominis
727 1701 781 1730 ac
823 1685 1083 1731 maiestatis
1127 1683 1246 1730 adeo
1291 1685 1466 1730 misere
1513 1683 1712 1730 vivendi

366 1767 607 1813 clausulae
659 1769 1008 1822 reluctantem,
1054 1767 1169 1813 flens
1217 1768 1598 1830 heiulansque(⁶'
1642 1783 1715 1813 re·

365 1851 496 1896 centi
529 1850 799 1897 homicidio
834 1850 1175 1904 confunditur,
1221 1867 1429 1913 eumque
1474 1850 1714 1912 amplexa·

363 1933 551 1980 bundus
597 1945 645 1979 et
700 1946 956 1998 contegens
1012 1935 1140 1999 regia
1198 1934 1454 1996 chlamyde
1498 1935 1549 1979 in
1595 1935 1712 1981 haec

364 2017 510 2064 verba
552 2019 757 2064 solatur:
815 2017 987 2081 „Erige
1032 2029 1110 2073 te,
1156 2034 1356 2079 quaeso,
1402 2018 1573 2072 Darie‚
1621 2034 1710 2064 nec

395 2159 447 2191 (a)
472 2158 555 2185 cod.
579 2159 819 2187 castissimum.
859 2156 905 2192 (h)
929 2159 1011 2186 eod.
1036 2166 1265 2196 perpetrm-ec.
1311 2159 1358 2191 (c)
1381 2159 1463 2188 cod.
1488 2158 1710 2199 heulansque·

1639 2222 1715 2229 —-

420 2253 480 2304 (1)
512 2257 661 2290 Darium
681 2252 1088 2302 extinctum*antequam
1112 2257 1318 2291 Alexander
1351 2270 1431 2290 eum
1454 2258 1707 2304 adsequeretur

363 2313 461 2346 aiunt
489 2314 698 2347 vetustiores
727 2322 761 2346 et
784 2314 909 2346 sinceri
950 2314 1151 2358 scriptores.
1210 2316 1355 2347 Constat
1393 2323 1506 2348 tamen
1539 2315 1705 2349 eumdem

362 2371 423 2404 vix
445 2370 689 2404 exanimatum
711 2370 900 2413 chlmnydc·
919 2379 1118 2404 contectum
1147 2383 1220 2403 osse
1252 2371 1294 2403 ab
1330 2372 1549 2405 Alexandro.
1606 2371 1701 2406 Vide

363 2430 539 2460 Zonaram
564 2438 619 2461 lv.
642 2438 685 2459 11.
711 2427 938 2473 Colloquium
966 2438 1082 2461 nutem
1111 2428 1203 2461 inter
1231 2428 1324 2473 ipsos
1359 2437 1523 2470 narrant,
1563 2437 1702 2474 praeter

364 2486 405 2516 'i'
429 2484 637 2523 Nalcriuui,
670 2484 806 2517 codiee<
841 2485 951 2517 ambr.
978 2496 1122 2529 graecus
1155 2493 1186 2517 et
1215 2485 1366 2528 latinus,
1399 2497 1461 2519 uec
1495 2499 1566 2519 non
1598 2497 1700 2531 persa

359 2539 594 2574 Mirkhondns
620 2541 712 2585 apud
735 2541 1014 2575 Sancticrucium
1038 2555 1072 2588 p.
1102 2546 1323 2575 139—190.
