1732 3121
329 186 407 225 2-88
698 184 1054 227 ALEXANDRI
1083 185 1286 227 OBITVS

326 300 530 347 ceclones
571 301 631 347 ad
675 289 1015 348 Macedonffin
1064 317 1238 363 corpus
1284 300 1505 349 indidem
1553 300 1673 348 ferri

324 396 373 428 et
407 384 512 431 solo
547 385 706 447 patrio
741 384 1065 447 sepulcrisque
1090 384 1336 430 maiorum
1357 384 1671 430 inferendum

325 479 511 529 putant.
573 473 702 514 Tum
760 467 1096 521 Ptolomaeus,
1163 466 1296 529 quod
1353 467 1486 513 enim
1530 467 1673 521 sciret

327 551 456 612 apud
488 551 739 612 Babylona
774 550 902 597 Iovis
938 551 1190 596 oraculum
1233 567 1333 596 esse
1378 549 1673 604 veridicum,

327 634 430 680 eius
465 636 557 680 Dei
591 635 878 680 sententiam
911 633 1106 687 differt,
1143 633 1344 695 perinde
1367 634 1440 679 uti
1461 635 1536 680 ius
1557 643 1673 686 erat,

328 718 648 764 consulturus.
684 721 912 779 Deusque
945 718 1268 782 interrogatus
1301 717 1370 763 sie
1406 717 1496 763 ait:

441 806 574 851 Accipe
605 817 693 852 quae
724 807 816 851 regis
849 806 948 839 sedes
981 807 1173 853 cultusque
1205 807 1354 841 dicetur.

440 879 532 912 Urbs
563 879 692 911 colitur
725 879 802 912 Nili
833 887 978 925 propter
1009 880 1176 914 umbrosa
1204 881 1339 913 fluenta

440 951 619 997 Aequoris
649 951 687 985 in
720 952 857 996 gremio
889 952 1019 986 cereali
1048 954 1145 987 dives
1176 966 1291 987 anona

439 1024 597 1058 Nomine
616 1024 859 1059 Amazonidos
887 1020 940 1053 (²)
979 1039 1066 1072 quae
1088 1027 1220 1061 dieitur
1238 1026 1366 1060 inclita
1387 1024 1530 1058 mensis-

440 1097 510 1132 Hic
529 1097 595 1131 sibi
618 1099 750 1143 templa
773 1099 849 1132 dari
873 1107 1006 1133 sacrata
1029 1099 1112 1132 sede
1137 1108 1280 1144 recepto

444 1170 552 1202 Iussit
574 1171 753 1216 cornigeri
771 1166 823 1197 (α)
854 1172 995 1217 genitus
1032 1173 1094 1206 sub
1123 1171 1260 1206 honore
1293 1170 1423 1215 Lyaei.

115 1242 316 1309 Alexand-ri
431 1241 552 1285 XCI.
600 1242 732 1285 Dato
776 1240 928 1304 igitur
970 1255 1200 1302 responso
1246 1229 1411 1284 nullus
1454 1237 1681 1285 omnium

102 1313 230 1346 corpus
277 1314 316 1335 m

103 1359 156 1391 Ae
199 1371 207 1382 v
234 1366 308 1392 tum

104 1371 279 1452 defgeii'ur.
336 1409 491 1472 Igitur
526 1408 578 1452 in
613 1412 889 1472 Aegyptum
922 1423 1097 1470 corpus
1145 1405 1407 1454 Alexandri
1439 1404 1687 1453 ferebatur

334 1321 599 1386 refragatus
635 1334 732 1376 est,
771 1324 888 1385 quin
922 1324 992 1371 ita
1028 1322 1187 1376 fieret,
1225 1333 1282 1367 ut
1306 1326 1435 1368 Deus
1466 1322 1683 1368 iusserat.

336 1492 517 1539 feretro
566 1490 764 1552 quidem
799 1491 1023 1557 regaliter
1058 1503 1317 1544 exornato,
1362 1490 1686 1536 tumultuario

337 1593 453 1624 vero
489 1574 765 1622 conditorio
811 1591 838 1620 e
879 1574 1075 1636 plumbi
1118 1577 1346 1630 materia,
1392 1571 1686 1638 quodque<¹⁷>

338 1673 465 1708 esset
500 1657 796 1724 unguinibus
830 1669 977 1720 atque
1009 1660 1300 1724 pigmentis,
1338 1675 1461 1721 quae
1496 1674 1687 1704 servan-

339 1745 412 1791 dis
476 1742 763 1805 corporibus
815 1753 957 1796 sunt,
1021 1743 1171 1789 tutius
1204 1743 1251 1776 (ς)
1299 1758 1584 1806 permanere
1619 1738 1687 1788 (d).

332 1832 408 1873 -Ut
429 1827 474 1860 (θ)
510 1827 658 1891 igitur
703 1841 884 1887 pompa
927 1825 1253 1889 vehiculoque
1303 1817 1467 1889 regali
1499 1823 1558 1870 ad
1604 1828 1690 1871 Pe·

340 1913 524 1959 lusium
553 1908 601 1946 (f)
637 1906 811 1954 advehi
845 1909 1099 1955 nuntiatus
1133 1922 1229 1963 est3
1279 1927 1447 1956 omnes
1483 1911 1584 1956 eius
1619 1925 1691 1956 re·

374 2067 427 2099 (a)
453 2064 536 2093 eod.
561 2063 746 2102 cornigero.
785 2059 831 2095 (h)
858 2061 940 2092 Cod.
965 2071 1102 2101 quoque.
1137 2064 1182 2095 (c)
1208 2062 1291 2090 cod.
1318 2063 1431 2092 tocius.
1464 2061 1519 2096 (d)
1538 2063 1587 2092 tta
1611 2061 1691 2091 cod.

341 2117 387 2149 (e)
410 2114 494 2144 eod.
520 2122 584 2150 pro
605 2119 640 2141 ut
659 2113 760 2142 habet
783 2119 899 2142 vectus.
936 2111 982 2148 (s)
1008 2113 1090 2143 eod.
1117 2111 1304 2141 Paleseum.

402 2239 461 2286 (1)
493 2239 583 2274 cod.
617 2240 869 2277 Amazodinos.
914 2241 992 2273 Iam
1014 2239 1058 2272 de
1083 2238 1211 2283 libycis
1238 2238 1476 2273 Amazonibus
1518 2238 1577 2283 (si
1598 2237 1693 2271 forte

345 2298 464 2332 dehis
489 2296 656 2330 hocloco
685 2297 916 2344 cogitandum
939 2295 1020 2341 est)
1051 2308 1140 2343 quae
1166 2305 1200 2328 et
1222 2296 1259 2329 iu
1289 2297 1498 2342 Aegyptum
1534 2295 1692 2341 aliasque

346 2365 459 2390 terras
482 2362 679 2397 venerunt,
710 2367 844 2401 suaque
871 2355 1014 2388 nomina
1045 2353 1197 2387 conditis
1231 2353 1376 2386 urbibus
1410 2352 1586 2386 dederunt
1612 2352 1692 2397 lege

345 2412 549 2447 Diodorum
575 2412 642 2446 III.
671 2417 846 2447 55—55.
879 2412 965 2446 Tria
990 2411 1099 2455 igitur
1132 2411 1356 2445 Amazonum
1379 2421 1506 2455 genera
1532 2408 1626 2455 apud
1648 2409 1690 2442 Ἰ·

346 2469 532 2503 Valerium
562 2468 629 2500 hoc
661 2469 753 2502 libro
783 2476 1051 2510 memorantur,
1094 2467 1236 2500 indicae
1267 2480 1341 2513 cap.
1375 2476 1489 2502 LXIX.
1529 2474 1563 2499 et
1595 2477 1690 2512 seqq.

347 2526 512 2572 ponticae
535 2524 578 2558 ad
605 2526 912 2559 Thermodontem
936 2537 1009 2571 cap.
1034 2534 1196 2559 Lxxxu.
1223 2537 1315 2558 nunc
1346 2523 1523 2570 denique,
1563 2531 1602 2556 ut
1636 2522 1692 2556 vi-

349 2585 477 2625 detur,
507 2582 658 2626 libycae,
