1752 3116
576 104 837 142 PRAEFATIO
1341 117 1380 141 ‚u

38 213 105 251 nis
130 213 263 269 figura
297 214 415 253 visus
449 223 538 261 est,
569 223 659 251 tum
685 212 735 251 ad
771 213 1009 251 memoriam
1035 213 1318 253 fortitudinis·
1336 227 1380 253 nc

38 267 258 309 felicitatis
285 269 389 309 adeo
415 271 598 326 insignis
628 271 788 318 evasit,
821 280 868 308 ut
897 271 988 307 eius
1013 269 1118 308 fama
1148 283 1273 325 ati-[ue
1302 285 1380 325 no-

38 326 152 363 mine
174 340 294 364 aures
322 328 507 365 omnium
534 327 751 366 hominum
777 328 888 365 omni
914 335 1049 364 aetate
1075 328 1378 366 circumsonare

35 395 209 420 necesse
247 383 331 421 sit:
363 399 504 437 neque
538 383 632 421 fieri
667 399 863 438 umquam
903 383 1065 437 possit,
1111 394 1160 421 ut
1198 384 1248 421 de
1282 385 1380 422 Ale-

35 437 196 476 xandro
220 438 434 494 rebusque
464 440 554 478 eius
583 441 717 497 gestis
758 440 1095 495 perhonorificus
1125 455 1259 478 sermo
1283 455 1382 479 con-

33 504 220 535 ticescat.

121 552 181 590 II.
228 553 340 610 Ergo
377 569 505 607 quum
540 553 649 592 nihil
684 564 796 592 esset
832 553 1009 593 feracius
1043 553 1240 592 laudibus
1281 554 1380 593 Ale-
1442 557 1602 602 Scripto-

35 608 185 648 xandri
208 612 383 648 maxima
411 611 530 664 copia
553 611 823 666 ingeniorum
848 611 898 649 ad
926 611 996 649 has
1022 610 1290 649 celebrandas
1314 613 1380 649 in-
1397 625 1451 646 res
1498 623 1598 646 vere-

35 664 199 704 cubuit.
270 666 350 704 Sed
385 668 495 706 enim
532 668 577 705 in
608 677 726 706 tanta
761 666 954 706 ubertate
993 666 1293 716 scribentium,
1327 682 1380 705 ex
1398 682 1452 703 res
1477 682 1596 703 rerum

36 721 256 761 veteribus
290 723 488 777 quidem,
534 735 702 780 praeter
739 724 1032 771 Plutarchum,
1073 724 1299 762 Arrianum
1339 733 1380 761 et
1399 728 1596 760 Alexandri

37 776 257 828 Curtium,
286 795 407 820 nemo
435 782 516 819 iam
543 791 740 835 superest
771 782 845 835 qui
866 780 974 819 facta
999 780 1229 819 Alexandri
1254 795 1381 836 pecu-
1398 784 1502 829 pauci
1540 796 1599 816 su-

34 834 129 874 liari
153 848 431 891 separatoque
454 839 612 893 scripto
638 838 940 876 illustraverit:
974 839 1169 891 quivero
1198 853 1290 876 cuin
1314 852 1380 876 ce·
1399 849 1555 886 persum-

33 901 124 931 tera
153 892 334 932 historia
363 896 494 936 vitam
526 909 697 949 quoque
725 894 956 934 Alexandri
987 894 1112 948 paulo
1146 895 1379 934 accuratius

34 952 360 1000 contexuerint,
409 951 493 990 duo
517 951 808 991 tantummodo
835 967 889 990 ex
913 961 1030 989 tanta
1061 951 1187 989 turba
1214 964 1381 1005 compa-

34 1015 156 1054 rent,
197 1007 243 1045 in
272 1009 428 1065 graecis
460 1008 682 1048 Diodorus
716 1009 873 1048 siculus
891 1036 903 1055 ,
933 1008 979 1045 in
998 1008 1143 1046 latinis
1168 1009 1378 1046 Iustinus·

34 1061 116 1100 Sed
143 1063 256 1102 enim
289 1065 394 1104 mihi
427 1065 502 1104 hac
527 1066 578 1105 de
613 1080 658 1104 re
682 1067 850 1120 saepius
877 1075 919 1103 et
947 1064 1018 1102 diu
1046 1066 1276 1121 cogitanti,
1304 1065 1380 1103 vix

35 1117 235 1159 credibile
267 1120 520 1172 videbatur,
554 1138 685 1178 quum
710 1123 923 1162 innumeri
956 1122 1057 1161 olim
1088 1122 1285 1161 historici
1313 1135 1379 1159 res

36 1175 265 1215 Alexandri
304 1181 527 1218 memoriae
571 1179 1002 1227 commendavissent,
1059 1189 1144 1216 tam
1179 1180 1381 1233 exiguum

34 1247 180 1272 eorum
211 1249 433 1273 numerum
465 1246 646 1274 aetatem
676 1237 858 1283 tulisse,
900 1249 1040 1288 neque
1081 1235 1126 1271 in
1163 1234 1381 1288 ampliori-

32 1289 113 1328 bus
150 1289 340 1329 codicum
387 1292 606 1345 apothecis
644 1291 776 1330 latere
828 1291 1011 1345 aliquem
1047 1292 1209 1329 veteris
1255 1300 1381 1328 notae

36 1346 308 1401 scriptorem,
350 1348 398 1385 in
430 1363 516 1402 quo
549 1347 799 1387 Macedonis
831 1349 963 1386 vitam
998 1362 1089 1386 cum
1124 1345 1381 1387 eruditionis

32 1401 176 1442 fructu
198 1403 390 1443 lectitare
420 1405 583 1444 liceret.
633 1404 738 1444 Ecce
761 1413 900 1442 autem
923 1405 969 1442 in
991 1404 1067 1443 hac
1093 1404 1380 1461 vestigatione
1494 1422 1617 1456 Codex

34 1459 243 1499 curiosius
279 1471 551 1516 occupatum,
593 1462 827 1516 praeclarus
871 1470 1051 1516 repente
1090 1460 1380 1500 ambrosianus
1397 1477 1615 1512 nobilisam-

32 1514 168 1554 codex
187 1517 236 1548 (¹)
279 1532 344 1555 me
382 1533 483 1573 prae
525 1518 678 1557 ceteris
716 1519 899 1573 perculit
932 1528 1202 1573 mentemque
1247 1534 1380 1557 meam
1397 1534 1594 1570 brosianus.

33 1573 203 1628 gravius
232 1572 401 1613 defixit.
459 1574 503 1613 Is
530 1576 690 1629 quippe
718 1574 830 1614 liber
869 1575 1186 1616 vetustioribus
1218 1576 1379 1614 litteris

32 1629 206 1668 omnino
231 1630 339 1670 circa
362 1632 572 1670 saeculum
584 1630 747 1671 Christi
765 1647 927 1670 nonum
952 1633 998 1670 in
1012 1631 1266 1670 membranis
1283 1647 1380 1670 exa-

32 1693 150 1724 ratus
178 1700 245 1725 res
266 1687 501 1728 Alexandri
523 1700 663 1745 gestas
689 1689 820 1727 latina
843 1689 989 1745 lingua
1011 1687 1220 1728 tradebat.
1267 1690 1381 1727 Rur-

33 1757 132 1790 suS,
172 1757 217 1782 re
251 1743 503 1801 diligentius
548 1744 839 1794 considerata,
887 1745 1150 1800 deprehendi
1191 1746 1381 1784 eiusdem

31 1800 263 1856 argumenti
299 1801 347 1838 in
387 1802 537 1840 eodem
571 1802 721 1842 codice
762 1801 1081 1841 lucubrationes
1124 1817 1216 1840 esse
1252 1802 1381 1850 (luas,

31 1857 216 1912 priorem
252 1856 424 1911 quidem
460 1874 483 1897 a
522 1858 635 1898 Iulio
676 1858 845 1897 Valerio
887 1860 1066 1912 quodam
1105 1858 1382 1907 elaboratam,

32 1926 156 1967 quam
196 1913 242 1950 in
276 1913 404 1953 alium
438 1914 608 1954 dicendi
638 1915 775 1954 locum
808 1916 958 1955 reiicio
982 1919 1058 1964 (2),
1099 1917 1381 1970 posteriorem

30 1984 240 2021 anonymo
270 1970 482 2021 Auctore,
524 1983 652 2027 atque
681 1984 943 2013 ALRXANDM
976 1985 1282 2013 x'rmznamvm
1314 1973 1382 2010 in-

30 2026 244 2082 scriptam.
287 2027 433 2067 Huius
457 2039 597 2068 autem
624 2028 704 2068 sub
730 2030 882 2084 primis
914 2029 1060 2070 verbis
1092 2040 1141 2068 ut
1173 2028 1381 2069 Constan-

29 2082 84 2121 tii
119 2084 408 2139 imperatoriS,
452 2087 519 2124 cui
553 2085 755 2125 videlicet
786 2085 904 2124 istud
941 2101 1050 2141 opus
1082 2089 1379 2142 componitur,
1427 2060 1555 2151 Operi?

30 2153 185 2178 nomen
221 2142 353 2180 oculis
384 2143 616 2198 usurpavi,
669 2152 772 2181 tunc
808 2143 996 2198 denique
1032 2159 1076 2183 re
1109 2144 1379 2200 inexpectata
1396 2130 1552 2210 ῖέῒυξὲςι

30 2198 201 2251 gavisus
241 2207 381 2238 totum
415 2214 483 2238 me
518 2198 568 2237 ad
599 2200 804 2254 scriptum
837 2201 1010 2255 penitus
1043 2201 1380 2258 cognoscendum

29 2251 175 2294 studio
206 2256 431 2312 animoque
456 2257 683 2305 transtuli,
716 2257 923 2312 coepique
946 2260 1089 2314 operis
1119 2259 1385 2313 antiquitate

81 2431 142 2476 (1)
171 2431 267 2466 Part.
293 2443 368 2479 sup.
391 2433 431 2468 P.
460 2436 516 2468 49.

85 2489 144 2534 (2)
175 2489 269 2523 Vide
291 2490 551 2536 praefationem
578 2491 623 2526 ad
650 2491 784 2527 Iulium
808 2491 1009 2527 Valerium.
