1752 3116
545 192 644 230 SEV
666 189 840 229 LIBER
866 187 922 226 ΙΙ.
1322 190 1398 223 217

60 308 216 354 dunen
254 318 461 352 matrem
496 304 634 350 Darii
667 303 797 349 facit.
875 332 893 355 ,‚
906 306 972 348 Ea
1009 301 1203 362 quidem
1230 309 1401 345 cuncta

64 407 216 452 „quae
249 389 372 435 mihi
407 387 658 432 adversum
691 387 897 432 Darium
929 385 1092 437 fuere,
1128 381 1327 443 perinde
1347 392 1405 426 ut

64 473 204 527 „Diis
241 471 413 523 libuit,
451 480 561 515 sunt
594 479 845 518 transacta,
881 469 1146 514 Enimvero
1170 482 1257 528 ego
1280 464 1406 510 votis

64 556 250 618 „petivi
285 566 339 599 ut
383 553 483 599 eius
518 551 909 598 incolomitatem
955 561 1157 596 nanctus
1182 548 1234 580 (α)
1271 546 1406 593 socio

63 639 201 700 „ipso
235 650 394 683 uterer
429 647 572 698 atque
607 634 778 680 amico.
848 633 941 680 Sed
972 633 1012 678 is
1048 631 1281 694 quoniam
1305 644 1415 675 suo-

68 753 87 776 ,‚
102 739 213 766 rum
246 719 432 766 insidiis
469 724 613 765 Besae
647 718 726 763 vel
777 717 1119 766 Ariobarzanis
1163 716 1226 761 sit
1268 714 1417 759 inter-

69 804 281 858 ‚,fectus‚
317 803 444 848 nihil
478 817 504 846 a
538 818 618 846 me
651 801 826 862 reliqui
862 801 959 847 fnit
995 799 1126 862 quod
1162 799 1221 843 ad
1254 813 1418 859 prose·

69 887 351 950 „quendum
390 886 489 931 eius
532 883 677 929 funus
721 885 1056 946 ultionemque
1100 881 1304 945 dignum
1348 877 1423 925 fo-

72 1000 92 1022 „
105 983 191 1016 ret.
236 973 417 1017 Verum
452 967 686 1029 quoniam
720 984 946 1028 supremo
991 965 1166 1012 Darius
1202 962 1421 1024 alloquio

75 1049 259 1106 „filiam
315 1067 452 1097 suam
495 1054 726 1096 Roxanen
775 1051 898 1096 mihi
941 1052 991 1095 in
1046 1048 1275 1111 coniugio
1322 1061 1422 1090 esse

75 1134 357 1187 „mandavit
366 1167 382 1189 ,
419 1145 537 1179 voto
575 1134 676 1180 eius
714 1145 762 1178 et
803 1133 1027 1195 precibus
1075 1132 1263 1177 accessi.
1332 1133 1424 1173 Ita-

76 1235 201 1280 „que
236 1235 261 1263 e
296 1235 347 1263 re
382 1228 454 1263 est
489 1215 548 1261 de
582 1216 758 1260 litteris
794 1217 893 1260 iam
931 1214 1206 1277 praesciri«.

177 1304 343 1349 XLIV,
389 1298 463 1346 Ad
497 1300 614 1344 haec
648 1298 913 1361 Rogodune
958 1310 1113 1343 mater
1157 1293 1428 1341 Alexandro
1448 1295 1663 1331 Man—{5132-

1450 1354 1496 1386 rii
1514 1365 1667 1398 respon-

79 1384 147 1429 sic
182 1382 449 1444 respondit.
506 1381 693 1435 „Nobis
740 1397 932 1442 quoque
980 1380 1177 1425 id0voti
1221 1378 1431 1422 maxime

80 1467 225 1521 afuit,
264 1479 321 1513 ut
357 1466 592 1528 quoniam
637 1464 743 1509 Diis
786 1464 1022 1508 inclinare
1063 1462 1203 1508 Darii
1249 1477 1432 1507 nomen

84 1581 102 1601 ,,»
116 1550 174 1596 ab
210 1550 296 1595 illa
330 1550 552 1612 potentia
586 1547 832 1599 libuisset,
868 1546 921 1590 in
958 1558 1005 1592 te
1040 1545 1181 1592 nobis
1219 1555 1267 1589 et
1301 1544 1433 1589 illius

86 1633 323 1698 „dignitas
361 1645 411 1680 et
443 1649 550 1695 spes
586 1631 745 1678 omnis
780 1630 1041 1675 incolomis
1063 1625 1108 1661 (ὅ)
1143 1639 1431 1681 servaretur,

88 1733 261 1776 „quem
294 1716 534 1762 virtutum
578 1714 764 1760 scilicet
805 1723 906 1765 [et]
951 1713 1214 1774 sapientiae
1261 1714 1438 1758 merito

91 1798 324 1864 „dignum
358 1798 557 1845 fortuna
590 1812 675 1841 sua
709 1796 872 1840 nullus
913 1794 1180 1845 addubitet,
1237 1795 1291 1839 Id
1326 1811 1440 1858 ergo

90 1893 177 1934 „ut
217 1882 401 1928 cunctis
443 1882 512 1926 ita
563 1877 706 1925 nobis
760 1878 1019 1939 praecipue
1061 1878 1302 1939 voluptati
1347 1883 1441 1932 est,

94 1995 112 2017 ³»
129 1980 246 2025 quas
270 1965 315 1996 (⁶)
363 1976 411 2010 et
452 1966 504 2009 in
550 1963 641 2008 illo
686 1977 827 2006 versu
852 1957 905 1992 (d)
951 1960 1176 2006 fortunae
1227 1961 1445 2007 nihilum

98 2046 267 2100 „triste
302 2047 511 2108 experiri
547 2044 879 2098 contenderis,
927 2054 976 2089 et
1009 2043 1196 2090 habitas
1230 2062 1321 2106 pro
1366 2064 1448 2092 ve·

96 2129 220 2184 „teri
253 2146 308 2175 ac
343 2130 418 2174 tui
452 2129 668 2176 nominis
703 2128 940 2193 dignitate
974 2142 1105 2172 nunc
1127 2127 1275 2172 etiam
1299 2145 1448 2193 regno

99 2212 405 2274 „participes
461 2214 614 2277 Igitur
659 2211 802 2259 nobis
850 2211 1111 2274 quoniam,
1155 2211 1450 2275 Alexander,

101 2324 121 2349 „
135 2294 265 2356 quod
300 2295 476 2341 Darius
512 2313 560 2342 es
572 2312 587 2348 3
624 2296 677 2352 in
712 2306 762 2341 te
799 2293 940 2341 nobis
975 2298 1105 2340 Deos
1152 2306 1200 2340 et
1234 2299 1454 2341 Deorum

102 2377 367 2433 „beneficia
401 2394 736 2424 numeramus:
777 2379 997 2439 hancque
1031 2377 1238 2441 gratiam
1271 2390 1326 2423 ut
1362 2378 1456 2424 tibi

149 2555 202 2584 (a)
227 2554 277 2581 Ita
300 2553 377 2583 cod.
403 2550 664 2584 incolomitatem
691 2553 846 2579 nanctus.
896 2544 944 2580 (b)
967 2547 1019 2575 lta
1042 2546 1119 2576 cod.
1172 2547 1216 2579 (c)
1242 2545 1325 2575 Cod.
1362 2555 1454 2584 quos.

110 2602 162 2635 (d)
187 2602 267 2631 cod.
295 2604 332 2631 m
358 2601 422 2632 illa
443 2610 585 2632 versum·

1450 1422 1529 1444 sum

1742 173 1748 183 ·-
1745 157 1749 168 -
1741 135 1752 152 »s
1739 113 1752 131 ff
1738 0 1752 105 'naz-mit.

1742 249 1752 392 „unz-mnu
1747 222 1752 231 >
1745 195 1752 214 »-
