<?xml version="1.0" encoding="UTF-8"?>
<!DOCTYPE html PUBLIC "-//W3C//DTD XHTML 1.0 Transitional//EN"
    "http://www.w3.org/TR/xhtml1/DTD/xhtml1-transitional.dtd">
<html xmlns="http://www.w3.org/1999/xhtml" xml:lang="en" lang="en">
 <head>
  <title>
</title>
<meta http-equiv="Content-Type" content="text/html;charset=utf-8" />
  <meta name='ocr-system' content='tesseract 3.04.00' />
  <meta name='ocr-capabilities' content='ocr_page ocr_carea ocr_par ocr_line ocrx_word'/>
</head>
<body>
  <div class='ocr_page' id='page_1' title='image "./itinerariumalexa00maiauoft_0159.png"; bbox 0 0 1752 3116; ppageno 0'>
   <div class='ocr_carea' id='block_1_1' title="bbox 542 232 1390 273">
    <p class='ocr_par' dir='ltr' id='par_1_1' title="bbox 542 232 1390 273">
     <span class='ocr_line' id='line_1_1' title="bbox 542 232 1390 273; baseline 0 -1"><span class='ocrx_word' id='word_1_1' title='bbox 542 235 642 273; x_wconf 84' lang='lat' dir='ltr'>SEV</span> <span class='ocrx_word' id='word_1_2' title='bbox 673 233 846 273; x_wconf 87' lang='lat' dir='ltr'>LIBER</span> <span class='ocrx_word' id='word_1_3' title='bbox 874 232 908 270; x_wconf 92' lang='grc' dir='ltr'>Ι.</span> <span class='ocrx_word' id='word_1_4' title='bbox 1315 234 1390 272; x_wconf 73' lang='grc'>153</span> 
     </span>
    </p>
   </div>
   <div class='ocr_carea' id='block_1_2' title="bbox 47 345 1634 2578">
    <p class='ocr_par' dir='ltr' id='par_1_2' title="bbox 47 345 1634 1490">
     <span class='ocr_line' id='line_1_2' title="bbox 52 345 1392 409; baseline -0.001 -15"><span class='ocrx_word' id='word_1_5' title='bbox 52 348 217 402; x_wconf 81' lang='lat' dir='ltr'>„tione</span> <span class='ocrx_word' id='word_1_6' title='bbox 253 348 562 402; x_wconf 81' lang='lat' dir='ltr'>conduxeris,</span> <span class='ocrx_word' id='word_1_7' title='bbox 613 345 910 408; x_wconf 79' lang='lat' dir='ltr'>adtemptare</span> <span class='ocrx_word' id='word_1_8' title='bbox 947 359 1199 409; x_wconf 75' lang='lat' dir='ltr'>quatereve</span> <span class='ocrx_word' id='word_1_9' title='bbox 1233 352 1392 393; x_wconf 81' lang='lat' dir='ltr'>Persa-</span> 
     </span>
     <span class='ocr_line' id='line_1_3' title="bbox 50 430 1393 493; baseline -0.002 -17"><span class='ocrx_word' id='word_1_10' title='bbox 50 449 188 485; x_wconf 80' lang='lat' dir='ltr'>„rum</span> <span class='ocrx_word' id='word_1_11' title='bbox 223 432 485 493; x_wconf 82' lang='lat' dir='ltr'>imperium</span> <span class='ocrx_word' id='word_1_12' title='bbox 512 447 671 492; x_wconf 83' lang='lat' dir='ltr'>queas,</span> <span class='ocrx_word' id='word_1_13' title='bbox 729 434 881 475; x_wconf 89' lang='lat' dir='ltr'>Tanta</span> <span class='ocrx_word' id='word_1_14' title='bbox 908 430 1085 491; x_wconf 84' lang='lat' dir='ltr'>quippe</span> <span class='ocrx_word' id='word_1_15' title='bbox 1114 430 1237 474; x_wconf 86' lang='lat' dir='ltr'>mihi</span> <span class='ocrx_word' id='word_1_16' title='bbox 1266 431 1393 474; x_wconf 88' lang='lat' dir='ltr'>mul-</span> 
     </span>
     <span class='ocr_line' id='line_1_4' title="bbox 49 512 1394 574; baseline -0.001 -16"><span class='ocrx_word' id='word_1_17' title='bbox 49 515 240 567; x_wconf 78' lang='lat' dir='ltr'>„titudo</span> <span class='ocrx_word' id='word_1_18' title='bbox 275 515 572 560; x_wconf 80' lang='lat' dir='ltr'>exercituum</span> <span class='ocrx_word' id='word_1_19' title='bbox 600 512 751 566; x_wconf 86' lang='lat' dir='ltr'>adest,</span> <span class='ocrx_word' id='word_1_20' title='bbox 790 524 845 558; x_wconf 88' lang='lat' dir='ltr'>ut</span> <span class='ocrx_word' id='word_1_21' title='bbox 875 513 978 574; x_wconf 89' lang='lat' dir='ltr'>quis</span> <span class='ocrx_word' id='word_1_22' title='bbox 1005 513 1276 574; x_wconf 84' lang='lat' dir='ltr'>promptius</span> <span class='ocrx_word' id='word_1_23' title='bbox 1312 514 1394 557; x_wconf 82' lang='lat' dir='ltr'>ha-</span> 
     </span>
     <span class='ocr_line' id='line_1_5' title="bbox 47 594 1398 659; baseline -0.002 -18"><span class='ocrx_word' id='word_1_24' title='bbox 47 614 222 650; x_wconf 79' lang='lat' dir='ltr'>„renae</span> <span class='ocrx_word' id='word_1_25' title='bbox 271 615 418 659; x_wconf 88' lang='lat' dir='ltr'>quam</span> <span class='ocrx_word' id='word_1_26' title='bbox 452 597 607 644; x_wconf 86' lang='lat' dir='ltr'>nostri</span> <span class='ocrx_word' id='word_1_27' title='bbox 641 612 869 641; x_wconf 88' lang='lat' dir='ltr'>numeros</span> <span class='ocrx_word' id='word_1_28' title='bbox 914 594 1210 655; x_wconf 82' lang='lat' dir='ltr'>adsequatur.</span> <span class='ocrx_word' id='word_1_29' title='bbox 1281 595 1398 640; x_wconf 88' lang='lat' dir='ltr'>Auri</span> 
     </span>
     <span class='ocr_line' id='line_1_6' title="bbox 49 678 1395 744; baseline -0.002 -18"><span class='ocrx_word' id='word_1_30' title='bbox 49 697 227 741; x_wconf 76' lang='lat' dir='ltr'>„porro</span> <span class='ocrx_word' id='word_1_31' title='bbox 265 681 549 744; x_wconf 79' lang='lat' dir='ltr'>argentique</span> <span class='ocrx_word' id='word_1_32' title='bbox 585 697 636 726; x_wconf 83' lang='lat' dir='ltr'>ea</span> <span class='ocrx_word' id='word_1_33' title='bbox 675 678 837 741; x_wconf 87' lang='lat' dir='ltr'>copia,</span> <span class='ocrx_word' id='word_1_34' title='bbox 889 688 943 722; x_wconf 85' lang='lat' dir='ltr'>ut</span> <span class='ocrx_word' id='word_1_35' title='bbox 976 678 1181 723; x_wconf 88' lang='lat' dir='ltr'>humum</span> <span class='ocrx_word' id='word_1_36' title='bbox 1216 679 1395 740; x_wconf 87' lang='lat' dir='ltr'>ipsam,</span> 
     </span>
     <span class='ocr_line' id='line_1_7' title="bbox 50 759 1395 822; baseline -0.003 -14"><span class='ocrx_word' id='word_1_37' title='bbox 50 763 122 814; x_wconf 67' lang='lat' dir='ltr'>„si</span> <span class='ocrx_word' id='word_1_38' title='bbox 169 762 372 809; x_wconf 87' lang='lat' dir='ltr'>libitum</span> <span class='ocrx_word' id='word_1_39' title='bbox 418 776 512 816; x_wconf 86' lang='lat' dir='ltr'>est,</span> <span class='ocrx_word' id='word_1_40' title='bbox 575 774 881 810; x_wconf 81' lang='lat' dir='ltr'>consternere</span> <span class='ocrx_word' id='word_1_41' title='bbox 925 759 1144 806; x_wconf 80' lang='lat' dir='ltr'>indidem</span> <span class='ocrx_word' id='word_1_42' title='bbox 1199 761 1395 822; x_wconf 87' lang='lat' dir='ltr'>possim.</span> 
     </span>
     <span class='ocr_line' id='line_1_8' title="bbox 49 844 1400 908; baseline -0.002 -18"><span class='ocrx_word' id='word_1_43' title='bbox 49 849 235 908; x_wconf 80' lang='lat' dir='ltr'>„Quare</span> <span class='ocrx_word' id='word_1_44' title='bbox 283 846 375 891; x_wconf 87' lang='lat' dir='ltr'>tibi</span> <span class='ocrx_word' id='word_1_45' title='bbox 421 847 610 893; x_wconf 77' lang='lat' dir='ltr'>loculos</span> <span class='ocrx_word' id='word_1_46' title='bbox 646 846 750 890; x_wconf 89' lang='lat' dir='ltr'>auri</span> <span class='ocrx_word' id='word_1_47' title='bbox 785 844 1125 891; x_wconf 76' lang='lat' dir='ltr'>refertissimos</span> <span class='ocrx_word' id='word_1_48' title='bbox 1161 844 1297 899; x_wconf 89' lang='lat' dir='ltr'>misi,</span> <span class='ocrx_word' id='word_1_49' title='bbox 1344 854 1400 888; x_wconf 88' lang='lat' dir='ltr'>ut</span> 
     </span>
     <span class='ocr_line' id='line_1_9' title="bbox 49 926 1400 993; baseline -0.002 -19"><span class='ocrx_word' id='word_1_50' title='bbox 49 928 122 980; x_wconf 71' lang='lat' dir='ltr'>„si</span> <span class='ocrx_word' id='word_1_51' title='bbox 150 928 416 993; x_wconf 79' lang='lat' dir='ltr'>&#39;indigebis</span> <span class='ocrx_word' id='word_1_52' title='bbox 460 927 736 991; x_wconf 82' lang='lat' dir='ltr'>sumptibus</span> <span class='ocrx_word' id='word_1_53' title='bbox 791 927 851 973; x_wconf 83' lang='lat' dir='ltr'>ad</span> <span class='ocrx_word' id='word_1_54' title='bbox 897 928 1246 979; x_wconf 79' lang='lat' dir='ltr'>reversionem,</span> <span class='ocrx_word' id='word_1_55' title='bbox 1305 926 1400 972; x_wconf 83' lang='lat' dir='ltr'>tibi</span> 
     </span>
     <span class='ocr_line' id='line_1_10' title="bbox 49 1008 1400 1074; baseline -0.003 -16"><span class='ocrx_word' id='word_1_56' title='bbox 49 1042 67 1061; x_wconf 43' lang='lat'>³&gt;</span> <span class='ocrx_word' id='word_1_57' title='bbox 82 1012 272 1074; x_wconf 83' lang='lat' dir='ltr'>tuisque</span> <span class='ocrx_word' id='word_1_58' title='bbox 307 1012 482 1058; x_wconf 85' lang='lat' dir='ltr'>habeas</span> <span class='ocrx_word' id='word_1_59' title='bbox 519 1011 649 1074; x_wconf 83' lang='lat' dir='ltr'>quocl</span> <span class='ocrx_word' id='word_1_60' title='bbox 684 1009 946 1061; x_wconf 86' lang='lat' dir='ltr'>suffecerit,</span> <span class='ocrx_word' id='word_1_61' title='bbox 1019 1008 1158 1072; x_wconf 79' lang='lat' dir='ltr'>Quod</span> <span class='ocrx_word' id='word_1_62' title='bbox 1194 1010 1231 1054; x_wconf 85' lang='lat' dir='ltr'>si</span> <span class='ocrx_word' id='word_1_63' title='bbox 1269 1010 1400 1055; x_wconf 86' lang='lat' dir='ltr'>hisce</span> 
     </span>
     <span class='ocr_line' id='line_1_11' title="bbox 52 1094 1400 1158; baseline -0.002 -18"><span class='ocrx_word' id='word_1_64' title='bbox 52 1096 285 1148; x_wconf 73' lang='lat' dir='ltr'>„monitis</span> <span class='ocrx_word' id='word_1_65' title='bbox 332 1113 385 1141; x_wconf 87' lang='lat' dir='ltr'>ac</span> <span class='ocrx_word' id='word_1_66' title='bbox 433 1095 703 1158; x_wconf 84' lang='lat' dir='ltr'>praeceptis</span> <span class='ocrx_word' id='word_1_67' title='bbox 736 1096 936 1141; x_wconf 79' lang='lat' dir='ltr'>ulterius</span> <span class='ocrx_word' id='word_1_68' title='bbox 977 1094 1241 1158; x_wconf 79' lang='lat' dir='ltr'>refragare,</span> <span class='ocrx_word' id='word_1_69' title='bbox 1288 1098 1400 1139; x_wconf 84' lang='lat' dir='ltr'>mit-</span> 
     </span>
     <span class='ocr_line' id='line_1_12' title="bbox 50 1180 1400 1241; baseline 0 -18"><span class='ocrx_word' id='word_1_70' title='bbox 50 1210 68 1228; x_wconf 59' lang='lat'>,„</span> <span class='ocrx_word' id='word_1_71' title='bbox 84 1191 184 1224; x_wconf 87' lang='lat' dir='ltr'>tam</span> <span class='ocrx_word' id='word_1_72' title='bbox 218 1180 440 1241; x_wconf 89' lang='lat' dir='ltr'>protinus</span> <span class='ocrx_word' id='word_1_73' title='bbox 476 1180 560 1241; x_wconf 86' lang='lat' dir='ltr'>qui</span> <span class='ocrx_word' id='word_1_74' title='bbox 595 1191 642 1224; x_wconf 89' lang='lat' dir='ltr'>te</span> <span class='ocrx_word' id='word_1_75' title='bbox 679 1181 1082 1239; x_wconf 87' lang='lat' dir='ltr'>comprehensum</span> <span class='ocrx_word' id='word_1_76' title='bbox 1120 1181 1215 1223; x_wconf 85' lang='lat' dir='ltr'>huc</span> <span class='ocrx_word' id='word_1_77' title='bbox 1251 1190 1400 1223; x_wconf 89' lang='lat' dir='ltr'>trans-</span> 
     </span>
     <span class='ocr_line' id='line_1_13' title="bbox 50 1261 1401 1324; baseline 0.003 -21"><span class='ocrx_word' id='word_1_78' title='bbox 50 1294 68 1309; x_wconf 66' lang='grc'>,,</span> <span class='ocrx_word' id='word_1_79' title='bbox 86 1261 255 1308; x_wconf 82' lang='lat' dir='ltr'>ferant.</span> <span class='ocrx_word' id='word_1_80' title='bbox 323 1267 438 1310; x_wconf 92' lang='lat' dir='ltr'>Non</span> <span class='ocrx_word' id='word_1_81' title='bbox 495 1264 627 1309; x_wconf 85' lang='lat' dir='ltr'>enim</span> <span class='ocrx_word' id='word_1_82' title='bbox 682 1273 738 1306; x_wconf 87' lang='lat' dir='ltr'>ut</span> <span class='ocrx_word' id='word_1_83' title='bbox 780 1262 995 1324; x_wconf 89' lang='lat' dir='ltr'>Philippi</span> <span class='ocrx_word' id='word_1_84' title='bbox 1042 1262 1169 1308; x_wconf 78' lang='lat' dir='ltr'>silius</span> <span class='ocrx_word' id='word_1_85' title='bbox 1215 1268 1401 1308; x_wconf 63' lang='lat' dir='ltr'>coerce-</span> 
     </span>
     <span class='ocr_line' id='line_1_14' title="bbox 50 1345 403 1419; baseline 0.011 -29"><span class='ocrx_word' id='word_1_86' title='bbox 50 1377 67 1397; x_wconf 38' lang='lat' dir='ltr'>„x</span> <span class='ocrx_word' id='word_1_87' title='bbox 82 1345 241 1394; x_wconf 80' lang='lat' dir='ltr'>bere«.</span> <span class='ocrx_word' id='word_1_88' title='bbox 375 1389 403 1419; x_wconf 62' lang='lat'><em>9</em></span> 
     </span>
     <span class='ocr_line' id='line_1_15' title="bbox 151 1426 1634 1490; baseline -0.007 -14"><span class='ocrx_word' id='word_1_89' title='bbox 151 1433 320 1477; x_wconf 87' lang='lat' dir='ltr'>XLIII.</span> <span class='ocrx_word' id='word_1_90' title='bbox 378 1431 467 1476; x_wconf 90' lang='lat' dir='ltr'>His</span> <span class='ocrx_word' id='word_1_91' title='bbox 513 1430 650 1475; x_wconf 88' lang='lat' dir='ltr'>lectis</span> <span class='ocrx_word' id='word_1_92' title='bbox 695 1429 754 1475; x_wconf 83' lang='lat' dir='ltr'>ab</span> <span class='ocrx_word' id='word_1_93' title='bbox 803 1429 1073 1476; x_wconf 76' lang='lat' dir='ltr'>Alexandro</span> <span class='ocrx_word' id='word_1_94' title='bbox 1118 1426 1400 1490; x_wconf 81' lang='lat' dir='ltr'>publicatis·</span> <span class='ocrx_word' id='word_1_95' title='bbox 1472 1435 1634 1468; x_wconf 60' lang='lat' dir='ltr'>Alexan-</span> 
     </span>
    </p>

    <p class='ocr_par' dir='ltr' id='par_1_3' title="bbox 51 1492 1634 2578">
     <span class='ocr_line' id='line_1_16' title="bbox 53 1492 1634 1584; baseline -0.001 -29"><span class='ocrx_word' id='word_1_96' title='bbox 53 1530 169 1573; x_wconf 79' lang='lat' dir='ltr'>que,</span> <span class='ocrx_word' id='word_1_97' title='bbox 205 1526 362 1559; x_wconf 87' lang='lat' dir='ltr'>metus</span> <span class='ocrx_word' id='word_1_98' title='bbox 384 1514 624 1575; x_wconf 82' lang='lat' dir='ltr'>plurimos</span> <span class='ocrx_word' id='word_1_99' title='bbox 654 1512 902 1575; x_wconf 86' lang='lat' dir='ltr'>quatiebat</span> <span class='ocrx_word' id='word_1_100' title='bbox 933 1513 1182 1559; x_wconf 85' lang='lat' dir='ltr'>dictorum</span> <span class='ocrx_word' id='word_1_101' title='bbox 1217 1510 1399 1573; x_wconf 77' lang='lat' dir='ltr'>magni·</span> <span class='ocrx_word' id='word_1_102' title='bbox 1420 1492 1634 1584; x_wconf 29' lang='lat' dir='ltr'>iiiiii&amp;</span> 
     </span>
     <span class='ocr_line' id='line_1_17' title="bbox 52 1595 1399 1660; baseline -0.001 -21"><span class='ocrx_word' id='word_1_103' title='bbox 52 1597 356 1657; x_wconf 83' lang='lat' dir='ltr'>loquentiam</span> <span class='ocrx_word' id='word_1_104' title='bbox 401 1598 799 1660; x_wconf 81' lang='lat' dir='ltr'>contemplantes.</span> <span class='ocrx_word' id='word_1_105' title='bbox 870 1596 1015 1660; x_wconf 81' lang='lat' dir='ltr'>Quod</span> <span class='ocrx_word' id='word_1_106' title='bbox 1064 1595 1150 1641; x_wconf 88' lang='lat' dir='ltr'>ubi</span> <span class='ocrx_word' id='word_1_107' title='bbox 1197 1596 1399 1640; x_wconf 82' lang='lat' dir='ltr'>Alexan-</span> 
     </span>
     <span class='ocr_line' id='line_1_18' title="bbox 52 1679 1403 1736; baseline 0 -12"><span class='ocrx_word' id='word_1_108' title='bbox 52 1679 135 1724; x_wconf 82' lang='lat' dir='ltr'>der</span> <span class='ocrx_word' id='word_1_109' title='bbox 180 1680 343 1725; x_wconf 82' lang='lat' dir='ltr'>merite</span> <span class='ocrx_word' id='word_1_110' title='bbox 385 1681 593 1727; x_wconf 88' lang='lat' dir='ltr'>intuitus</span> <span class='ocrx_word' id='word_1_111' title='bbox 640 1693 734 1736; x_wconf 90' lang='lat' dir='ltr'>est,</span> <span class='ocrx_word' id='word_1_112' title='bbox 784 1681 837 1726; x_wconf 90' lang='lat' dir='ltr'>in</span> <span class='ocrx_word' id='word_1_113' title='bbox 872 1682 990 1727; x_wconf 90' lang='lat' dir='ltr'>haec</span> <span class='ocrx_word' id='word_1_114' title='bbox 1025 1679 1174 1726; x_wconf 87' lang='lat' dir='ltr'>verba</span> <span class='ocrx_word' id='word_1_115' title='bbox 1210 1679 1403 1725; x_wconf 90' lang='lat' dir='ltr'>concio·</span> 
     </span>
     <span class='ocr_line' id='line_1_19' title="bbox 52 1762 1400 1825; baseline 0.001 -20"><span class='ocrx_word' id='word_1_116' title='bbox 52 1773 219 1806; x_wconf 83' lang='lat' dir='ltr'>natur:</span> <span class='ocrx_word' id='word_1_117' title='bbox 271 1765 342 1815; x_wconf 78' lang='lat' dir='ltr'>„O</span> <span class='ocrx_word' id='word_1_118' title='bbox 366 1763 658 1809; x_wconf 84' lang='lat' dir='ltr'>Macedones</span> <span class='ocrx_word' id='word_1_119' title='bbox 690 1765 871 1817; x_wconf 84' lang='lat' dir='ltr'>nostri,</span> <span class='ocrx_word' id='word_1_120' title='bbox 909 1764 1025 1825; x_wconf 83' lang='lat' dir='ltr'>quid</span> <span class='ocrx_word' id='word_1_121' title='bbox 1059 1763 1257 1808; x_wconf 85' lang='lat' dir='ltr'>tandem</span> <span class='ocrx_word' id='word_1_122' title='bbox 1282 1762 1400 1807; x_wconf 85' lang='lat' dir='ltr'>adeo</span> 
     </span>
     <span class='ocr_line' id='line_1_20' title="bbox 53 1844 1401 1910; baseline 0.001 -21"><span class='ocrx_word' id='word_1_123' title='bbox 53 1876 71 1899; x_wconf 79' lang='lat'>„</span> <span class='ocrx_word' id='word_1_124' title='bbox 87 1844 227 1890; x_wconf 82' lang='lat' dir='ltr'>dictis</span> <span class='ocrx_word' id='word_1_125' title='bbox 270 1844 534 1891; x_wconf 85' lang='lat' dir='ltr'>barbaricis</span> <span class='ocrx_word' id='word_1_126' title='bbox 580 1846 975 1907; x_wconf 73' lang='lat' dir='ltr'>perturbamini‘?</span> <span class='ocrx_word' id='word_1_127' title='bbox 1024 1863 1143 1908; x_wconf 86' lang='lat' dir='ltr'>quae</span> <span class='ocrx_word' id='word_1_128' title='bbox 1179 1862 1401 1910; x_wconf 81' lang='lat' dir='ltr'>arrogan-</span> 
     </span>
     <span class='ocr_line' id='line_1_21' title="bbox 53 1927 1399 1992; baseline 0 -19"><span class='ocrx_word' id='word_1_129' title='bbox 53 1929 180 1981; x_wconf 70' lang='lat' dir='ltr'>„tiae</span> <span class='ocrx_word' id='word_1_130' title='bbox 218 1927 416 1989; x_wconf 81' lang='lat' dir='ltr'>quidem</span> <span class='ocrx_word' id='word_1_131' title='bbox 458 1930 781 1992; x_wconf 81' lang='lat' dir='ltr'>vanitatisque</span> <span class='ocrx_word' id='word_1_132' title='bbox 827 1930 1010 1977; x_wconf 85' lang='lat' dir='ltr'>habent</span> <span class='ocrx_word' id='word_1_133' title='bbox 1044 1930 1399 1982; x_wconf 84' lang='lat' dir='ltr'>testimonium,</span> 
     </span>
     <span class='ocr_line' id='line_1_22' title="bbox 52 2012 1403 2077; baseline -0.001 -20"><span class='ocrx_word' id='word_1_134' title='bbox 52 2012 404 2063; x_wconf 58' lang='lat' dir='ltr'>„confidentiae</span> <span class='ocrx_word' id='word_1_135' title='bbox 448 2031 564 2059; x_wconf 82' lang='lat' dir='ltr'>vero</span> <span class='ocrx_word' id='word_1_136' title='bbox 610 2027 774 2060; x_wconf 86' lang='lat' dir='ltr'>carent</span> <span class='ocrx_word' id='word_1_137' title='bbox 806 2014 1111 2077; x_wconf 85' lang='lat' dir='ltr'>probatione.</span> <span class='ocrx_word' id='word_1_138' title='bbox 1182 2017 1309 2058; x_wconf 88' lang='lat' dir='ltr'>Nam</span> <span class='ocrx_word' id='word_1_139' title='bbox 1355 2023 1403 2057; x_wconf 85' lang='lat' dir='ltr'>et</span> 
     </span>
     <span class='ocr_line' id='line_1_23' title="bbox 52 2088 1402 2159; baseline 0.001 -19"><span class='ocrx_word' id='word_1_140' title='bbox 52 2095 282 2150; x_wconf 69' lang='lat' dir='ltr'>„canibus</span> <span class='ocrx_word' id='word_1_141' title='bbox 334 2088 726 2144; x_wconf 77' lang='lat' dir='ltr'>inbecillioribus</span> <span class='ocrx_word' id='word_1_142' title='bbox 770 2115 876 2145; x_wconf 88' lang='lat' dir='ltr'>mos</span> <span class='ocrx_word' id='word_1_143' title='bbox 930 2109 1002 2144; x_wconf 88' lang='lat' dir='ltr'>est</span> <span class='ocrx_word' id='word_1_144' title='bbox 1057 2108 1240 2158; x_wconf 84' lang='lat' dir='ltr'>quanto</span> <span class='ocrx_word' id='word_1_145' title='bbox 1293 2097 1402 2159; x_wconf 88' lang='lat' dir='ltr'>plus</span> 
     </span>
     <span class='ocr_line' id='line_1_24' title="bbox 55 2176 1401 2234; baseline 0.001 -10"><span class='ocrx_word' id='word_1_146' title='bbox 55 2179 295 2234; x_wconf 74' lang='lat' dir='ltr'>„defuerit</span> <span class='ocrx_word' id='word_1_147' title='bbox 319 2180 523 2234; x_wconf 83' lang='lat' dir='ltr'>virium,</span> <span class='ocrx_word' id='word_1_148' title='bbox 561 2193 700 2228; x_wconf 87' lang='lat' dir='ltr'>tanto</span> <span class='ocrx_word' id='word_1_149' title='bbox 737 2183 903 2229; x_wconf 90' lang='lat' dir='ltr'>cristas</span> <span class='ocrx_word' id='word_1_150' title='bbox 939 2198 1108 2227; x_wconf 88' lang='lat' dir='ltr'>acuere</span> <span class='ocrx_word' id='word_1_151' title='bbox 1143 2176 1401 2229; x_wconf 83' lang='lat' dir='ltr'>sublimius</span> 
     </span>
     <span class='ocr_line' id='line_1_25' title="bbox 53 2262 1404 2330; baseline 0.001 -22"><span class='ocrx_word' id='word_1_152' title='bbox 53 2275 134 2317; x_wconf 84' lang='lat' dir='ltr'>„et</span> <span class='ocrx_word' id='word_1_153' title='bbox 155 2262 409 2308; x_wconf 85' lang='lat' dir='ltr'>latratibus</span> <span class='ocrx_word' id='word_1_154' title='bbox 424 2264 782 2311; x_wconf 81' lang='lat' dir='ltr'>irritatioribus</span> <span class='ocrx_word' id='word_1_155' title='bbox 801 2265 1067 2330; x_wconf 83' lang='lat' dir='ltr'>indulgere.</span> <span class='ocrx_word' id='word_1_156' title='bbox 1122 2269 1254 2312; x_wconf 89' lang='lat' dir='ltr'>Haec</span> <span class='ocrx_word' id='word_1_157' title='bbox 1277 2265 1404 2311; x_wconf 85' lang='lat' dir='ltr'>mihi</span> 
     </span>
     <span class='ocr_line' id='line_1_26' title="bbox 51 2346 1402 2408; baseline 0.003 -16"><span class='ocrx_word' id='word_1_158' title='bbox 51 2346 182 2399; x_wconf 70' lang='lat' dir='ltr'>„visa</span> <span class='ocrx_word' id='word_1_159' title='bbox 219 2357 289 2391; x_wconf 85' lang='lat' dir='ltr'>est</span> <span class='ocrx_word' id='word_1_160' title='bbox 325 2346 662 2408; x_wconf 86' lang='lat' dir='ltr'>conpetentior</span> <span class='ocrx_word' id='word_1_161' title='bbox 698 2348 757 2393; x_wconf 87' lang='lat' dir='ltr'>ad</span> <span class='ocrx_word' id='word_1_162' title='bbox 783 2349 921 2394; x_wconf 84' lang='lat' dir='ltr'>Darii</span> <span class='ocrx_word' id='word_1_163' title='bbox 956 2349 1238 2396; x_wconf 83' lang='lat' dir='ltr'>iactantiam</span> <span class='ocrx_word' id='word_1_164' title='bbox 1271 2367 1402 2396; x_wconf 90' lang='lat' dir='ltr'>com-</span> 
     </span>
     <span class='ocr_line' id='line_1_27' title="bbox 53 2429 1400 2496; baseline 0.003 -22"><span class='ocrx_word' id='word_1_165' title='bbox 53 2429 298 2491; x_wconf 73' lang='lat' dir='ltr'>„paratioz</span> <span class='ocrx_word' id='word_1_166' title='bbox 354 2429 484 2492; x_wconf 83' lang='lat' dir='ltr'>quod</span> <span class='ocrx_word' id='word_1_167' title='bbox 536 2443 777 2492; x_wconf 86' lang='lat' dir='ltr'>praestare</span> <span class='ocrx_word' id='word_1_168' title='bbox 820 2432 1005 2479; x_wconf 89' lang='lat' dir='ltr'>viribus</span> <span class='ocrx_word' id='word_1_169' title='bbox 1060 2451 1162 2481; x_wconf 88' lang='lat' dir='ltr'>non</span> <span class='ocrx_word' id='word_1_170' title='bbox 1207 2445 1400 2496; x_wconf 82' lang='lat' dir='ltr'>potest.</span> 
     </span>
     <span class='ocr_line' id='line_1_28' title="bbox 53 2511 1401 2578; baseline 0.004 -21"><span class='ocrx_word' id='word_1_171' title='bbox 53 2511 241 2566; x_wconf 77' lang='lat' dir='ltr'>„verbis</span> <span class='ocrx_word' id='word_1_172' title='bbox 298 2513 531 2577; x_wconf 82' lang='lat' dir='ltr'>indulget.</span> <span class='ocrx_word' id='word_1_173' title='bbox 613 2519 716 2578; x_wconf 79' lang='lat' dir='ltr'>Ego</span> <span class='ocrx_word' id='word_1_174' title='bbox 771 2527 934 2560; x_wconf 87' lang='lat' dir='ltr'>tamen</span> <span class='ocrx_word' id='word_1_175' title='bbox 981 2533 1097 2563; x_wconf 80' lang='lat' dir='ltr'>aveo</span> <span class='ocrx_word' id='word_1_176' title='bbox 1131 2517 1182 2549; x_wconf 69' lang='lat' dir='ltr'>(a)</span> <span class='ocrx_word' id='word_1_177' title='bbox 1230 2529 1401 2563; x_wconf 77' lang='lat' dir='ltr'>cuncta</span> 
     </span>
    </p>
   </div>
   <div class='ocr_carea' id='block_1_3' title="bbox 97 2621 381 2654">
    <p class='ocr_par' dir='ltr' id='par_1_4' title="bbox 97 2621 381 2654">
     <span class='ocr_line' id='line_1_29' title="bbox 97 2621 381 2654; baseline 0.011 -5"><span class='ocrx_word' id='word_1_178' title='bbox 97 2624 147 2654; x_wconf 80' lang='lat' dir='ltr'>(a)</span> <span class='ocrx_word' id='word_1_179' title='bbox 169 2623 250 2651; x_wconf 82' lang='lat' dir='ltr'>Cod.</span> <span class='ocrx_word' id='word_1_180' title='bbox 270 2621 381 2652; x_wconf 76' lang='lat' dir='ltr'>haheo.</span> 
     </span>
    </p>
   </div>
  </div>
 </body>
</html>
