1752 3116
117 1604 318 1642 Athenien-

101 1665 193 1698 sium
218 1664 317 1706 lega-

104 1722 150 1754 tio
173 1720 217 1753 ad
229 1719 317 1753 AJe—

101 1777 289 1812 xanchum.

342 150 418 186 196
721 145 1073 188 ALEXANDRI
1099 145 1282 186 ACTvs

339 259 502 315 „enim
537 260 769 307 exercitus
804 261 939 311 milia
975 258 1088 304 urbs
1109 260 1194 306 illa
1221 261 1348 323 aiere
1373 259 1526 322 possit
1548 256 1678 303 haud

339 342 574 396 „dubium
619 355 710 388 est:
755 360 913 405 neque
956 342 1030 387 his
1073 342 1221 389 modo
1265 341 1507 388 sufficiens
1557 358 1680 403 quae

337 425 626 479 „moenibus
659 427 754 472 suis
788 438 931 487 atque
964 425 1149 489 gremio
1177 437 1446 478 teneantur,
1469 424 1551 470 sed
1568 441 1681 486 pro-

339 510 452 563 „cul
485 510 632 554 etiam
668 507 1000 555 laborantibus
1036 519 1085 552 et
1119 507 1467 553 dimicantibus
1501 506 1680 554 idonea

339 593 681 646 „sustentatrix
714 609 807 638 una
841 591 958 636 viris
994 607 1183 652 unaque
1218 590 1292 636 his
1311 590 1541 636 omnibus
1561 607 1684 651 quae

338 677 465 730 „sint
499 676 813 722 multitudine
854 675 1141 726 necessaria,
1187 675 1390 735 opulens
1438 685 1487 718 et
1532 672 1680 718 abun-

337 760 506 814 „dans‚
551 759 707 805 facilis
760 759 820 806 ad
865 757 1194 806 obedientiam
1239 756 1383 820 regis,
1426 755 1684 818 prudentia
1738 781 1741 786 ·

337 843 470 897 „eius
504 843 690 888 scilicet
724 843 810 903 qui
844 843 910 888 sic
946 840 1212 888 instituerit
1246 840 1354 891 [ad]
1391 838 1684 900 obsequium

336 941 539 979 >‚mores
600 925 972 971 Alimonia111(‘²)
1019 924 1145 986 petit
1161 922 1185 969 (ἔ
1229 924 1453 985 protinus
1498 932 1683 984 parent.

335 1013 493 1062 „Auro
529 1006 752 1072 indiget?
803 1020 916 1054 sunt
960 1007 1215 1072 vectigalia
1263 1006 1398 1052 ditia.
1465 1006 1685 1051 Militem

334 1122 354 1145 ,‚
369 1089 594 1152 quaerit?
639 1092 813 1136 animis
856 1090 1137 1137 volentibus
1179 1102 1370 1151 praesto
1422 1100 1550 1135 sunt.
1619 1091 1686 1136 Et

335 1175 494 1229 „hisce
528 1189 616 1219 nos
654 1190 957 1236 opponemus
991 1173 1267 1234 periculum
1310 1184 1546 1224 nostrum,
1583 1172 1687 1234 qui-

333 1258 451 1313 „bus
487 1259 657 1319 utique
700 1273 787 1319 per
833 1256 1147 1303 concordiam
1192 1256 1409 1318 copulati
1449 1256 1687 1303 auctiores

334 1373 353 1396 >‚
366 1359 465 1388 esse
482 1341 916 1403 instructioresque
937 1338 1242 1401 poterimus?
1277 1339 1531 1386 Lacessitis
1551 1356 1684 1392 vero,

334 1424 547 1487 „nequid
581 1423 841 1470 infaustius
876 1423 1060 1479 dicam,
1115 1439 1306 1485 semper
1348 1422 1401 1468 in
1447 1423 1595 1469 armis
1638 1434 1687 1468 et

334 1511 565 1572 „proeliis
586 1521 604 1544 «
636 1507 660 1554 ἱ)

432 1596 536 1638 ΧΧ.
588 1596 643 1638 In
679 1593 802 1637 hanc
837 1593 1127 1638 sententiam
1155 1590 1476 1640 Demostheni
1498 1585 1546 1623 (Β)
1583 1605 1687 1636 om-

333 1677 408 1722 nis
443 1675 814 1722 Atheniensium
849 1691 1078 1722 numerus
1111 1673 1423 1740 congruebat.
1460 1672 1692 1719 Decernit

334 1758 545 1820 denique
588 1774 819 1804 coronam
866 1775 1062 1804 auream
1104 1757 1378 1804 Alexandro
1427 1773 1526 1802 esse
1575 1757 1689 1801 mit·

331 1840 531 1888 tendam
576 1840 742 1902 pondo
786 1859 868 1890 ϊ,
898 1842 1274 1903 consultumque
1322 1838 1507 1886 ordinis
1560 1837 1617 1884 fit
1640 1838 1687 1871 (ς)

333 1943 429 1989 quo
464 1925 728 1990 gratiarum
761 1924 886 1970 actio
912 1927 1157 1970 videretur
1180 1924 1256 1977 (¹),
1293 1940 1388 1970 una
1410 1923 1581 1987 legatis
1601 1920 1687 1983 qui

330 2008 699 2055 honoratissimi
724 2006 776 2039 (²)
811 2006 976 2053 forent
1011 2009 1112 2053 eius
1136 2005 1292 2060 urbis,
1330 2005 1598 2052 dummodo
1625 2003 1685 2050 ab

330 2093 416 2139 illa
461 2103 712 2139 oratorum
756 2091 1121 2137 transmissione
1163 2100 1504 2152 temperarent.
1573 2093 1688 2135 Pro-

350 2231 400 2264 (a)
429 2229 513 2258 Cod.
536 2229 716 2259 alimonia..
750 2228 799 2264 (b)
817 2231 947 2259 Recole
967 2239 1040 2267 cap.
1059 2239 1082 2258 x
1096 2237 1169 2257 ιιι.
1194 2237 1224 2264 p.
1244 2236 1319 2264 190.
1344 2236 1377 2255 n.
1392 2224 1423 2256 b.
1450 2229 1495 2260 (c)
1516 2225 1598 2255 Cod-
1620 2227 1685 2256 sui.

387 2346 446 2391 (1)
477 2348 571 2381 ,Nota
596 2356 721 2391 putum
743 2349 1018 2386 hellenismum,
1051 2357 1177 2389 nempe
1208 2356 1251 2377 ex
1282 2346 1402 2380 ἠδέ-,αι
1436 2341 1551 2390 χάριν·

388 2400 448 2450 (2)
481 2404 569 2437 Cod.
607 2403 917 2445 honorantissimi‚
960 2415 1044 2436 mox
1076 2411 1251 2446 expuncta
1287 2409 1338 2433 est
1373 2399 1482 2432 altera
1518 2411 1550 2430 η.
1587 2397 1680 2432 Mihi

330 2461 476 2506 quidem
497 2461 661 2493 veniebat
690 2462 728 2494 in
753 2472 909 2495 mentem
939 2461 1093 2493 latinum
1120 2458 1211 2493 illud
1242 2455 1587 2490 desiderantissimus
1608 2466 1675 2500 pro

329 2518 659 2550 desideratissimus.
