1752 3116
137 497 309 530 Convivia

130 554 308 598 Serapidis

133 619 167 643 et
206 612 308 644 Sera-

130 679 247 712 pelun-

331 153 408 193 146
718 153 1074 193 ALEXANDRI
1105 155 1288 195 ORTVS

441 271 632 316 Unumque
660 279 739 315 post
770 271 807 303 id
827 264 907 303 (ωε
958 279 1040 305 tunc
1070 280 1195 318 quater
1224 273 1354 319 viginti
1384 276 1454 309 sint

442 343 646 389 Decemque
676 343 832 376 iuxtim:
865 355 976 389 eaque
1006 341 1053 376 sit
1081 345 1274 379 novissima

442 417 530 460 Quae
561 416 675 461 prima
706 415 777 449 fixa
809 424 881 458 est,
911 415 1020 461 idque
1050 417 1097 450 sit
1126 430 1256 451 nomen
1287 419 1379 453 mihi
1411 413 1476 451 (¹).

426 502 614 547 XXXV..
652 503 759 545 Hoc
794 499 941 562 igitur
973 501 1167 546 oraculo
1201 519 1287 563 per
1315 501 1531 564 quietem
1566 501 1676 547 edo-

327 593 460 626 ctum
495 582 822 628 Alexandrum
857 587 987 629 Deus
1023 601 1136 629 cum
1183 601 1356 630 somno
1402 583 1674 646 dereliquit.

326 670 387 710 At
431 666 515 710 ille
561 665 832 729 expergitus
879 666 1172 728 recoltisque
1195 661 1242 698 (b)
1279 667 1439 714 verbis
1487 683 1541 713 ac
1577 683 1675 712 me-

326 749 508 794 moriae
554 748 876 802 confirmatis‚
922 749 1051 796 hunc
1099 750 1299 796 demum
1345 767 1470 805 esse,
1530 754 1711 812 quem'

325 843 601 894 quaereret,
651 831 837 877 scilicet
872 834 1089 894 Serapim
1124 834 1299 879 mundi
1335 834 1487 880 totius
1519 832 1678 878 domi-

329 931 442 959 num
477 926 813 975 rectoremque
848 914 1118 962 confirmat.
1171 924 1263 964 Ara
1294 918 1444 982 igitur
1470 918 1549 962 vel
1574 933 1676 961 ‚ma-—

322 998 457 1044 ximo
497 1015 641 1059 opere
687 998 905 1044 laborata
930 999 1008 1052 (²),
1057 1001 1348 1066 largioribus
1393 1001 1537 1046 sacris
1572 1011 1674 1044 tam

324 1081 646 1131 animantium
671 1093 826 1125 stratu
856 1099 1000 1143 quam
1029 1083 1237 1129 odorum
1258 1084 1545 1146 profusione
1569 1099 1676 1127 mu-

323 1163 517 1216 nificus,
555 1165 780 1209 convivia
819 1165 967 1210 etiam
1001 1167 1278 1228 exsequitur
1307 1166 1492 1212 ibidem
1528 1181 1673 1226 quam

320 1247 579 1293 laetissima
605 1247 668 1297 (5).
717 1250 857 1292 Tunc
892 1249 1207 1294 Parmenioni
1243 1251 1505 1295 architecto
1540 1246 1675 1293 labo-

320 1331 457 1375 randi
504 1331 689 1376 scilicet
729 1330 986 1376 simulacra
1033 1349 1146 1377 cura
1195 1333 1476 1385 mandatur,
1525 1343 1579 1375 ut
1613 1347 1674 1375 ne

318 1414 417 1460 illis
454 1415 499 1445 (ί)
545 1414 750 1460 Homeri
796 1413 1015 1460 versibus
1062 1415 1354 1471 demutaret,
1393 1417 1476 1479 qui
1521 1416 1590 1460 sic
1618 1412 1674 1445 (d)

318 1498 601 1543 elocuntur:

433 1588 593 1620 Caerulea
624 1588 707 1622 hinc
739 1590 804 1623 olli
820 1583 864 1615 (⁶¹)
899 1590 1084 1625 Saturnius
1114 1591 1239 1623 annuit
1269 1602 1348 1624 arce

430 1660 548 1693 Aurea
581 1661 738 1694 caesaries
769 1675 847 1708 quae
872 1658 930 1693 (f)
962 1663 1080 1709 signat
1110 1664 1290 1696 mentibus
1321 1662 1425 1696 almis
1449 1654 1513 1693 (4).

352 1763 403 1794 (a)
422 1762 504 1792 cod.
529 1769 603 1800 post
628 1761 715 1791 idus.
752 1761 796 1796 (h)
816 1767 864 1792 lta
886 1765 964 1793 cod.
989 1773 1050 1800 pro
1077 1765 1224 1794 recultzs.
1252 1766 1296 1798 (c)
1311 1764 1396 1793 cod.
1423 1762 1486 1793 illi·
1512 1762 1566 1797 (d)
1580 1763 1667 1791 Cod.

316 1811 492 1840 demutare
517 1813 626 1851 qnasi.
667 1812 711 1845 (e)
738 1812 822 1840 eod.
847 1813 988 1842 caerula
1008 1820 1089 1842 tunc
1111 1814 1165 1843 oli.
1206 1815 1262 1850 (f)
1285 1814 1371 1843 eod.
1397 1823 1469 1852 que.

375 1902 436 1955 (1)
471 1907 612 1941 Scilicet
634 1906 784 1952 Sarapis
813 1906 924 1950 (nam
952 1908 1103 1953 Sarapis
1127 1908 1256 1942 rectius
1280 1908 1447 1942 scribitur
1468 1920 1576 1954 quam
1599 1906 1665 1939 Se·

315 1963 456 2010 rapis)
498 1964 541 1996 Id
569 1975 651 1995 vero
681 1976 812 1996 nomeu
836 1977 908 1997 non
931 1964 1119 1998 conficitur
1142 1965 1211 1998 nisi
1238 1965 1367 1999 litteris
1396 1965 1541 2011 graecis.
1588 1965 1665 1996 1111-

315 2031 373 2054 1110
410 2032 475 2065 pro
502 2019 565 2053 sub
590 2028 698 2066 grata
719 2027 784 2052 etc.
817 2021 938 2053 littera
962 2022 1167 2066 suspicabar
1200 2022 1427 2056 scribendum
1454 2021 1517 2055 sub
1547 2022 1664 2066 graia·

371 2076 428 2121 (2)
461 2077 593 2110 Confer
614 2077 763 2109 Malalae
795 2077 939 2110 initium
968 2079 1050 2111 libri
1075 2089 1165 2112 VIII.

371 2130 431 2180 (5)
466 2133 672 2177 Serapidem
695 2133 785 2165 mire
807 2134 1023 2178 gaudentem
1041 2134 1214 2169 conviviis
1231 2135 1346 2181 pingit
1364 2134 1541 2169 Aristides
1565 2142 1655 2168 orac.

314 2192 349 2223 in
370 2190 540 2223 eumdem.
572 2191 727 2223 Cruenta
755 2191 932 2235 Serapidis
968 2191 1140 2225 sacrificia
1166 2201 1341 2225 memorat
1369 2191 1569 2226 Macrobius
1597 2192 1661 2225 Sa-

315 2255 409 2280 turn.
439 2248 468 2280 I.
499 2253 530 2281 7.
565 2246 744 2280 fumosam
771 2259 908 2281 coenam
938 2248 1156 2294 serapiacam
1187 2250 1432 2283 Tertullianus
1461 2249 1654 2294 Apologet.

310 2316 386 2350 cap.
411 2314 559 2337 XXXIX.

369 2360 426 2405 (4)
460 2364 513 2394 Ita
539 2373 575 2392 se
610 2360 740 2393 habeut
768 2361 933 2394 versiculi
968 2363 1005 2395 in
1031 2363 1164 2397 codice.
1228 2363 1349 2409 Atque
1376 2361 1472 2396 haud
1504 2360 1575 2394 scio
1613 2371 1656 2394 au

310 2418 573 2464 respiciendum
608 2418 654 2450 sit
681 2418 723 2450 ad
747 2418 865 2451 locum
892 2419 1041 2452 Homeri
1071 2419 1178 2453 Iliad.
1203 2421 1231 2453 I.
1257 2425 1331 2453 528.

475 2470 552 2517 ³H,
590 2478 648 2510 καὶ
681 2483 857 2521 κυανέῃσιν
886 2477 937 2511 ἐπ’
973 2476 1099 2525 ὀφρύσι
1133 2482 1227 2513 νεῦσε
1259 2482 1415 2525 Κρονίων·

480 2533 694 2581 Ἀμβςιὸσι.ιι
721 2535 746 2567 'o'
779 2532 846 2580 ἅμ
878 2535 1009 2569 >Cui-rat
1034 2535 1263 2584 ἐπιξρώσαιτο
1290 2533 1444 2575 ἄνακτος-
