1752 3116
566 192 922 236 ALEXANDRI
1362 192 1413 230 35

167 312 383 357 XXVIII.
434 313 541 371 Ipse
575 307 663 354 ubi
697 311 883 352 Tarson
918 305 1190 357 invehitur,
1240 303 1414 350 sudore
1487 322 1647 358 Alexan-

68 406 116 440 εἰ
149 395 349 456 pulvere
393 394 533 440 miles
567 391 737 438 decens
771 388 939 436 labore
985 400 1033 434 et
1064 388 1251 434 honore
1285 404 1414 452 rega·
1431 379 1649 471 flercnjtar.

65 478 129 531 li,
167 478 390 538 Cydnum
426 493 621 521 amnem
646 473 781 519 videt
815 471 947 518 urbis
980 471 1081 518 eius
1113 470 1272 516 media
1309 487 1415 531 per·
1430 450 1469 509 in
1536 449 1561 482 y
1590 450 1647 471 uo.

65 560 264 613 vadere,
310 572 450 606 coetu
487 559 671 604 civium
706 568 1024 608 coronatum,
1072 553 1313 599 mundum
1347 551 1416 598 fa-

68 643 162 696 cie,
201 654 400 688 acutum
435 641 642 705 frigore,
679 639 891 684 nimium
926 637 1146 703 agmine,
1182 635 1417 682 festinum

66 737 279 779 meatus,
339 725 456 786 ripis
503 724 746 770 virentem
779 723 854 768 (ωε
923 721 1284 780 delectatusque
1328 717 1417 763 tali

67 810 310 855 elemento
347 806 429 854 seu
462 806 668 859 fluento,
704 805 862 852 victus
897 816 1031 852 aestu
1059 821 1113 850 ac
1147 802 1418 849 desiderans

65 892 286 957 frigoris,
339 908 398 937 an
434 903 489 936 ut
523 888 864 936 fortitudinem
908 889 985 935 sui
1019 887 1320 934 intuentium
1354 885 1419 931 ci-

65 976 203 1022 vium
245 977 438 1022 theatro
491 974 719 1026 lactaret,
771 973 897 1018 saltu
941 983 1144 1034 pontem
1204 968 1418 1015 fluminis

68 1058 278 1114 scandit,
344 1075 438 1103 una
486 1057 660 1117 clypeo
704 1055 952 1118 loricaque
996 1066 1044 1101 et
1073 1050 1119 1086 (ὂ)
1161 1053 1260 1098 telo
1309 1067 1421 1097 cum

68 1142 273 1196 casside,
310 1142 461 1203 inque
485 1155 680 1185 amnem
709 1155 808 1184 sese
831 1139 1088 1204 translatus
1125 1135 1273 1181 alacri
1294 1135 1420 1180 saltu

67 1226 378 1288 praecipitat,
416 1223 614 1282 eiusque
639 1238 862 1273 onmem,
899 1233 1143 1265 retentans
1165 1233 1323 1269 arma,
1355 1218 1422 1261 la-

70 1308 335 1354 titudinem
370 1315 519 1351 natat.
597 1306 669 1348 Ita
704 1303 1049 1364 interpretatus
1075 1301 1122 1334 (Β)
1158 1312 1229 1346 est
1267 1299 1425 1363 regiae

70 1391 375 1437 fortitudinis
411 1387 625 1434 formam
660 1401 719 1432 ex
751 1402 802 1433 se
834 1385 987 1431 militi
1023 1384 1136 1431 dare
1171 1383 1256 1446 qui
1289 1400 1339 1428 se
1374 1398 1426 1429 se

67 1475 372 1520 iactaverint.

171 1560 344 1604 XXIX.
384 1553 475 1601 Secl
510 1552 725 1599 minores
760 1552 925 1599 animo
962 1553 1181 1616 corporis
1219 1551 1266 1599 ei
1299 1551 1425 1598 vires
1441 1577 1543 1613 mem
1568 1578 1661 1613 'rar-

72 1641 208 1686 fuere
236 1637 544 1686 sustinendae
575 1637 798 1682 iniuriae.
851 1638 1021 1685 Calens
1051 1639 1234 1701 quippe
1265 1637 1425 1684 omnis
1445 1637 1473 1671 si
1499 1644 1659 1684 aegrotat.

73 1741 127 1770 ac
161 1734 442 1786 vaporatus,
480 1723 652 1767 hausto
688 1718 902 1767 fluminis
937 1719 1119 1786 frigore
1154 1719 1428 1784 penetrabi-

72 1808 170 1853 lius
204 1808 378 1868 utique
426 1822 521 1867 quo
567 1804 723 1850 rarior
740 1801 819 1857 (d),
874 1815 1037 1851 tantos
1082 1805 1296 1851 febrium
1333 1802 1429 1851 sibi

75 1878 335 1936 contractu*
363 1904 627 1934 nervorum
662 1903 865 1949 vapores
897 1887 1075 1933 excivit
1098 1888 1171 1942 (θ’),
1209 1887 1324 1950 ipsis
1358 1886 1430 1932 vi-

74 1972 256 2019 talibus
285 1972 336 2018 vi
356 1971 553 2036 frigoris
575 1970 794 2026 ebriatis,
830 1983 884 2017 ut
903 1988 986 2033 spe
1009 1971 1136 2018 bona
1157 1969 1337 2017 medici
1361 1969 1430 2014 la-

76 2056 332 2110 berentur,
368 2056 422 2100 ni
446 2071 613 2102 amore
639 2055 691 2100 in
725 2071 840 2100 eum
859 2053 1193 2119 diligentiores
1210 2053 1428 2098 fnissent.

178 2142 326 2188 XXX.
364 2142 500 2187 Tum
520 2139 719 2201 quidem
748 2137 903 2184 fertur
928 2138 1052 2183 illud
1081 2137 1327 2199 specimen
1354 2152 1430 2180 ex·
1459 2185 1493 2219 A
1535 2184 1542 2191 ⁸
1570 2183 1578 2190 ‚
1601 2183 1608 2190 ‚

79 2222 236 2268 titisse
267 2223 526 2268 Alexandri
554 2222 794 2268 virtutum
839 2221 898 2267 ad
929 2221 1199 2267 amicitiam
1241 2234 1430 2265 memo-
1447 2193 1642 2275 ᾒάἓζῖῑᾞί

81 2304 248 2352 rabile.
315 2305 568 2367 Philippus
608 2305 826 2351 medicus
862 2306 972 2351 alvo
1009 2305 1110 2350 eius
1157 2300 1431 2349 incitandae
1448 2311 1516 2332 1¹³ae
1559 2310 1640 2342 ΞΡΕ·

80 2400 256 2451 potum
278 2386 491 2449 parabat.
547 2387 602 2433 Id
629 2389 921 2435 Parmenion
955 2388 1172 2434 aemulus
1200 2386 1430 2447 Philippo
1449 2367 1579 2390 mmen.

117 2542 170 2572 (a.)
190 2539 274 2569 Cod.
299 2540 381 2578 ipsis
405 2540 540 2568 virente.
574 2537 620 2573 (b)
643 2539 730 2568 cod.
756 2538 817 2567 vel.
861 2540 908 2572 (c)
933 2539 1016 2569 cod.
1044 2538 1221 2568 incerasces
1244 2542 1307 2572 pro
1332 2535 1435 2564 incer·-

78 2596 250 2629 preeatus.
281 2589 334 2624 (d)
356 2589 441 2618 cod.
468 2590 590 2619 ratior.
627 2592 674 2624 (e)
698 2589 779 2618 cod.
809 2589 927 2618 aris-ic·
1098 2631 1121 2670 3
1147 2620 1170 2644 ,ᾳ
