<?xml version="1.0" encoding="UTF-8"?>
<!DOCTYPE html PUBLIC "-//W3C//DTD XHTML 1.0 Transitional//EN"
    "http://www.w3.org/TR/xhtml1/DTD/xhtml1-transitional.dtd">
<html xmlns="http://www.w3.org/1999/xhtml" xml:lang="en" lang="en">
 <head>
  <title>
</title>
<meta http-equiv="Content-Type" content="text/html;charset=utf-8" />
  <meta name='ocr-system' content='tesseract 3.04.00' />
  <meta name='ocr-capabilities' content='ocr_page ocr_carea ocr_par ocr_line ocrx_word'/>
</head>
<body>
  <div class='ocr_page' id='page_1' title='image "./itinerariumalexa00maiauoft_0130.png"; bbox 0 0 1752 3116; ppageno 0'>
   <div class='ocr_carea' id='block_1_1' title="bbox 383 157 1330 201">
    <p class='ocr_par' dir='ltr' id='par_1_1' title="bbox 383 157 1330 201">
     <span class='ocr_line' id='line_1_1' title="bbox 383 157 1330 201; baseline 0.001 -2"><span class='ocrx_word' id='word_1_1' title='bbox 383 168 399 199; x_wconf 82' lang='lat'>1</span> <span class='ocrx_word' id='word_1_2' title='bbox 409 164 459 201; x_wconf 83' lang='lat'>26</span> <span class='ocrx_word' id='word_1_3' title='bbox 769 157 1118 200; x_wconf 72' lang='lat' dir='ltr'>ALEXANDRI</span> <span class='ocrx_word' id='word_1_4' title='bbox 1149 160 1330 200; x_wconf 84' lang='lat' dir='ltr'>ORTVS</span> 
     </span>
    </p>
   </div>
   <div class='ocr_carea' id='block_1_2' title="bbox 383 272 1748 1330">
    <p class='ocr_par' dir='ltr' id='par_1_2' title="bbox 383 272 1748 1330">
     <span class='ocr_line' id='line_1_2' title="bbox 383 272 1722 334; baseline -0.001 -17"><span class='ocrx_word' id='word_1_5' title='bbox 383 289 477 334; x_wconf 88' lang='lat' dir='ltr'>que</span> <span class='ocrx_word' id='word_1_6' title='bbox 506 273 668 320; x_wconf 87' lang='lat' dir='ltr'>verbis</span> <span class='ocrx_word' id='word_1_7' title='bbox 703 277 865 321; x_wconf 86' lang='lat' dir='ltr'>Deum</span> <span class='ocrx_word' id='word_1_8' title='bbox 900 272 1151 318; x_wconf 80' lang='lat' dir='ltr'>convenit·</span> <span class='ocrx_word' id='word_1_9' title='bbox 1200 276 1271 325; x_wconf 73' lang='grc' dir='ltr'>»Ο</span> <span class='ocrx_word' id='word_1_10' title='bbox 1299 285 1434 334; x_wconf 79' lang='lat' dir='ltr'>patei</span> <span class='ocrx_word' id='word_1_11' title='bbox 1455 276 1722 324; x_wconf 87' lang='lat' dir='ltr'>Hammon,</span> 
     </span>
     <span class='ocr_line' id='line_1_3' title="bbox 384 353 1726 418; baseline -0.001 -18"><span class='ocrx_word' id='word_1_12' title='bbox 384 356 602 418; x_wconf 76' lang='lat' dir='ltr'>„inquit‚</span> <span class='ocrx_word' id='word_1_13' title='bbox 638 356 800 418; x_wconf 86' lang='lat' dir='ltr'>siquid</span> <span class='ocrx_word' id='word_1_14' title='bbox 833 353 1041 400; x_wconf 84' lang='lat' dir='ltr'>materni</span> <span class='ocrx_word' id='word_1_15' title='bbox 1073 356 1270 402; x_wconf 87' lang='lat' dir='ltr'>seminis</span> <span class='ocrx_word' id='word_1_16' title='bbox 1303 369 1374 402; x_wconf 86' lang='lat' dir='ltr'>est</span> <span class='ocrx_word' id='word_1_17' title='bbox 1406 372 1602 409; x_wconf 87' lang='lat' dir='ltr'>verum,</span> <span class='ocrx_word' id='word_1_18' title='bbox 1652 370 1726 400; x_wconf 86' lang='lat' dir='ltr'>ea·</span> 
     </span>
     <span class='ocr_line' id='line_1_4' title="bbox 387 438 1726 501; baseline -0.001 -17"><span class='ocrx_word' id='word_1_19' title='bbox 387 456 508 501; x_wconf 80' lang='lat' dir='ltr'>„que</span> <span class='ocrx_word' id='word_1_20' title='bbox 553 452 707 486; x_wconf 81' lang='lat' dir='ltr'>mater</span> <span class='ocrx_word' id='word_1_21' title='bbox 746 448 1005 498; x_wconf 87' lang='lat' dir='ltr'>conceptus</span> <span class='ocrx_word' id='word_1_22' title='bbox 1039 438 1195 483; x_wconf 77' lang='lat' dir='ltr'>nosni</span> <span class='ocrx_word' id='word_1_23' title='bbox 1243 441 1317 484; x_wconf 81' lang='lat' dir='ltr'>ex&#39;</span> <span class='ocrx_word' id='word_1_24' title='bbox 1343 451 1392 486; x_wconf 87' lang='lat' dir='ltr'>te</span> <span class='ocrx_word' id='word_1_25' title='bbox 1426 438 1726 501; x_wconf 84' lang='lat' dir='ltr'>principium</span> 
     </span>
     <span class='ocr_line' id='line_1_5' title="bbox 386 519 1729 585; baseline -0.001 -17.992"><span class='ocrx_word' id='word_1_26' title='bbox 386 534 492 576; x_wconf 82' lang='lat' dir='ltr'>‚est</span> <span class='ocrx_word' id='word_1_27' title='bbox 525 523 721 577; x_wconf 83' lang='lat' dir='ltr'>sortita,</span> <span class='ocrx_word' id='word_1_28' title='bbox 761 536 936 584; x_wconf 82' lang='lat' dir='ltr'>quaeso</span> <span class='ocrx_word' id='word_1_29' title='bbox 973 519 1046 565; x_wconf 85' lang='lat' dir='ltr'>uti</span> <span class='ocrx_word' id='word_1_30' title='bbox 1074 519 1204 565; x_wconf 85' lang='lat' dir='ltr'>istud</span> <span class='ocrx_word' id='word_1_31' title='bbox 1237 523 1498 585; x_wconf 78' lang='lat' dir='ltr'>astipulare</span> <span class='ocrx_word' id='word_1_32' title='bbox 1515 520 1572 555; x_wconf 61' lang='grc' dir='ltr'>(α)</span> <span class='ocrx_word' id='word_1_33' title='bbox 1593 536 1729 583; x_wconf 82' lang='lat' dir='ltr'>prae-</span> 
     </span>
     <span class='ocr_line' id='line_1_6' title="bbox 388 601 1733 670; baseline -0.003 -20"><span class='ocrx_word' id='word_1_34' title='bbox 388 606 543 660; x_wconf 80' lang='lat' dir='ltr'>„senti</span> <span class='ocrx_word' id='word_1_35' title='bbox 577 605 701 651; x_wconf 87' lang='lat' dir='ltr'>mihi</span> <span class='ocrx_word' id='word_1_36' title='bbox 729 618 785 651; x_wconf 87' lang='lat' dir='ltr'>ut</span> <span class='ocrx_word' id='word_1_37' title='bbox 819 603 924 651; x_wconf 71' lang='lat' dir='ltr'>filio</span> <span class='ocrx_word' id='word_1_38' title='bbox 951 613 1176 664; x_wconf 76' lang='lat' dir='ltr'><strong>praestes,</strong></span> <span class='ocrx_word' id='word_1_39' title='bbox 1179 614 1200 638; x_wconf 77' lang='lat'>«</span> <span class='ocrx_word' id='word_1_40' title='bbox 1254 605 1409 670; x_wconf 83' lang='lat' dir='ltr'>Igitur</span> <span class='ocrx_word' id='word_1_41' title='bbox 1433 604 1603 650; x_wconf 84' lang='lat' dir='ltr'>doctus</span> <span class='ocrx_word' id='word_1_42' title='bbox 1629 601 1733 648; x_wconf 60' lang='lat' dir='ltr'>&#39;evi-</span> 
     </span>
     <span class='ocr_line' id='line_1_7' title="bbox 390 683 1733 760; baseline -0.002 -27"><span class='ocrx_word' id='word_1_43' title='bbox 390 687 615 734; x_wconf 85' lang='lat' dir='ltr'>dentibus</span> <span class='ocrx_word' id='word_1_44' title='bbox 659 688 887 740; x_wconf 82' lang='lat' dir='ltr'>monitis,</span> <span class='ocrx_word' id='word_1_45' title='bbox 935 703 1035 731; x_wconf 85' lang='lat' dir='ltr'>non</span> <span class='ocrx_word' id='word_1_46' title='bbox 1081 685 1260 760; x_wconf 83' lang='lat' dir='ltr'>absque</span> <span class='ocrx_word' id='word_1_47' title='bbox 1294 689 1494 736; x_wconf 86' lang='lat' dir='ltr'>Numen</span> <span class='ocrx_word' id='word_1_48' title='bbox 1535 683 1664 732; x_wconf 80' lang='lat' dir='ltr'>1uud</span> <span class='ocrx_word' id='word_1_49' title='bbox 1683 683 1733 716; x_wconf 56' lang='grc' dir='ltr'>(ι)</span> 
     </span>
     <span class='ocr_line' id='line_1_8' title="bbox 391 767 1747 831; baseline -0.001 -15"><span class='ocrx_word' id='word_1_50' title='bbox 391 787 557 816; x_wconf 85' lang='lat' dir='ltr'>curam</span> <span class='ocrx_word' id='word_1_51' title='bbox 591 787 692 816; x_wconf 89' lang='lat' dir='ltr'>esse</span> <span class='ocrx_word' id='word_1_52' title='bbox 723 770 825 823; x_wconf 90' lang='lat' dir='ltr'>sui,</span> <span class='ocrx_word' id='word_1_53' title='bbox 873 780 922 814; x_wconf 91' lang='lat' dir='ltr'>et</span> <span class='ocrx_word' id='word_1_54' title='bbox 954 769 1196 830; x_wconf 87' lang='lat' dir='ltr'>templum</span> <span class='ocrx_word' id='word_1_55' title='bbox 1238 774 1346 818; x_wconf 87' lang='lat' dir='ltr'>Deo</span> <span class='ocrx_word' id='word_1_56' title='bbox 1391 767 1642 831; x_wconf 84' lang='lat' dir='ltr'>operosius</span> <span class='ocrx_word' id='word_1_57' title='bbox 1687 777 1747 819; x_wconf 64' lang='grc' dir='ltr'>εἰ,</span> 
     </span>
     <span class='ocr_line' id='line_1_9' title="bbox 392 842 1737 917; baseline -0.003 -18"><span class='ocrx_word' id='word_1_58' title='bbox 392 854 637 917; x_wconf 80' lang='lat' dir='ltr'>augustius</span> <span class='ocrx_word' id='word_1_59' title='bbox 667 851 954 906; x_wconf 76' lang='lat' dir='ltr'>Fabricatur,</span> <span class='ocrx_word' id='word_1_60' title='bbox 991 865 1040 897; x_wconf 91' lang='lat' dir='ltr'>et</span> <span class='ocrx_word' id='word_1_61' title='bbox 1075 851 1135 897; x_wconf 85' lang='lat' dir='ltr'>ad</span> <span class='ocrx_word' id='word_1_62' title='bbox 1161 842 1465 914; x_wconf 82' lang='lat' dir='ltr'>prodendam</span> <span class='ocrx_word' id='word_1_63' title='bbox 1495 849 1737 897; x_wconf 88' lang='lat' dir='ltr'>militibus</span> 
     </span>
     <span class='ocr_line' id='line_1_10' title="bbox 393 933 1741 991; baseline -0.004 -8"><span class='ocrx_word' id='word_1_64' title='bbox 393 935 762 991; x_wconf 84' lang='lat' dir='ltr'>confidentiam,</span> <span class='ocrx_word' id='word_1_65' title='bbox 823 952 981 982; x_wconf 73' lang='lat' dir='ltr'>PATRI</span> <span class='ocrx_word' id='word_1_66' title='bbox 1031 953 1296 983; x_wconf 83' lang='lat' dir='ltr'><strong>HAMMONI</strong></span> <span class='ocrx_word' id='word_1_67' title='bbox 1356 935 1410 982; x_wconf 76' lang='lat' dir='ltr'>id</span> <span class='ocrx_word' id='word_1_68' title='bbox 1454 934 1623 981; x_wconf 75' lang='lat' dir='ltr'>Fecisse</span> <span class='ocrx_word' id='word_1_69' title='bbox 1665 933 1741 979; x_wconf 89' lang='lat' dir='ltr'>in-</span> 
     </span>
     <span class='ocr_line' id='line_1_11' title="bbox 393 1016 1739 1081; baseline -0.004 -16"><span class='ocrx_word' id='word_1_70' title='bbox 393 1020 656 1081; x_wconf 84' lang='lat' dir='ltr'>scriptione</span> <span class='ocrx_word' id='word_1_71' title='bbox 698 1030 904 1065; x_wconf 87' lang='lat' dir='ltr'>testatur</span> <span class='ocrx_word' id='word_1_72' title='bbox 940 1017 1006 1068; x_wconf 71' lang='lat'>(²).</span> <span class='ocrx_word' id='word_1_73' title='bbox 1076 1021 1217 1064; x_wconf 85' lang='lat' dir='ltr'>Tunc</span> <span class='ocrx_word' id='word_1_74' title='bbox 1262 1034 1548 1081; x_wconf 87' lang='lat' dir='ltr'>responsum</span> <span class='ocrx_word' id='word_1_75' title='bbox 1591 1016 1739 1062; x_wconf 73' lang='lat' dir='ltr'>etiam</span> 
     </span>
     <span class='ocr_line' id='line_1_12' title="bbox 396 1099 1741 1163; baseline -0.002 -17"><span class='ocrx_word' id='word_1_76' title='bbox 396 1101 669 1163; x_wconf 88' lang='lat' dir='ltr'>quaesitum</span> <span class='ocrx_word' id='word_1_77' title='bbox 703 1117 729 1145; x_wconf 85' lang='lat' dir='ltr'>a</span> <span class='ocrx_word' id='word_1_78' title='bbox 751 1105 884 1156; x_wconf 86' lang='lat' dir='ltr'>Deo,</span> <span class='ocrx_word' id='word_1_79' title='bbox 923 1114 971 1148; x_wconf 89' lang='lat' dir='ltr'>et</span> <span class='ocrx_word' id='word_1_80' title='bbox 1006 1100 1101 1163; x_wconf 69' lang='lat' dir='ltr'>quo</span> <span class='ocrx_word' id='word_1_81' title='bbox 1134 1100 1227 1146; x_wconf 90' lang='lat' dir='ltr'>sibi</span> <span class='ocrx_word' id='word_1_82' title='bbox 1248 1101 1614 1152; x_wconf 84' lang='lat' dir='ltr'>monimentum</span> <span class='ocrx_word' id='word_1_83' title='bbox 1649 1099 1741 1144; x_wconf 85' lang='lat' dir='ltr'>im-</span> 
     </span>
     <span class='ocr_line' id='line_1_13' title="bbox 395 1181 1743 1247; baseline -0.001 -18"><span class='ocrx_word' id='word_1_84' title='bbox 395 1184 520 1247; x_wconf 85' lang='lat' dir='ltr'>perii</span> <span class='ocrx_word' id='word_1_85' title='bbox 561 1183 636 1228; x_wconf 88' lang='lat' dir='ltr'>sui</span> <span class='ocrx_word' id='word_1_86' title='bbox 684 1183 885 1244; x_wconf 77' lang='lat' dir='ltr'>aliquod</span> <span class='ocrx_word' id='word_1_87' title='bbox 930 1186 1198 1229; x_wconf 85' lang='lat' dir='ltr'>instaurare</span> <span class='ocrx_word' id='word_1_88' title='bbox 1240 1183 1312 1229; x_wconf 82' lang='lat' dir='ltr'>fas</span> <span class='ocrx_word' id='word_1_89' title='bbox 1359 1181 1517 1230; x_wconf 73' lang='lat' dir='ltr'>esset?</span> <span class='ocrx_word' id='word_1_90' title='bbox 1562 1183 1743 1230; x_wconf 89' lang='lat' dir='ltr'>Animo</span> 
     </span>
     <span class='ocr_line' id='line_1_14' title="bbox 398 1265 1748 1330; baseline -0.001 -18"><span class='ocrx_word' id='word_1_91' title='bbox 398 1267 580 1330; x_wconf 89' lang='lat' dir='ltr'>quippe</span> <span class='ocrx_word' id='word_1_92' title='bbox 625 1278 913 1329; x_wconf 80' lang='lat' dir='ltr'>conceperat</span> <span class='ocrx_word' id='word_1_93' title='bbox 946 1265 1080 1311; x_wconf 88' lang='lat' dir='ltr'>urbis</span> <span class='ocrx_word' id='word_1_94' title='bbox 1125 1281 1271 1327; x_wconf 89' lang='lat' dir='ltr'>quam</span> <span class='ocrx_word' id='word_1_95' title='bbox 1307 1269 1547 1314; x_wconf 83' lang='lat' dir='ltr'>maximae</span> <span class='ocrx_word' id='word_1_96' title='bbox 1582 1265 1748 1313; x_wconf 89' lang='lat' dir='ltr'>condi-</span> 
     </span>
    </p>
   </div>
   <div class='ocr_carea' id='block_1_3' title="bbox 397 1349 1749 1494">
    <p class='ocr_par' dir='ltr' id='par_1_3' title="bbox 397 1349 1749 1494">
     <span class='ocr_line' id='line_1_15' title="bbox 397 1349 1749 1414; baseline 0.001 -21"><span class='ocrx_word' id='word_1_97' title='bbox 397 1361 518 1395; x_wconf 86' lang='lat' dir='ltr'>tum.</span> <span class='ocrx_word' id='word_1_98' title='bbox 583 1354 709 1414; x_wconf 83' lang='lat' dir='ltr'>Ergo</span> <span class='ocrx_word' id='word_1_99' title='bbox 744 1367 832 1412; x_wconf 83' lang='lat' dir='ltr'>per</span> <span class='ocrx_word' id='word_1_100' title='bbox 865 1351 1116 1396; x_wconf 87' lang='lat' dir='ltr'>somnium</span> <span class='ocrx_word' id='word_1_101' title='bbox 1150 1349 1218 1395; x_wconf 87' lang='lat' dir='ltr'>sic</span> <span class='ocrx_word' id='word_1_102' title='bbox 1252 1351 1467 1398; x_wconf 83' lang='lat' dir='ltr'>eiusdem</span> <span class='ocrx_word' id='word_1_103' title='bbox 1499 1351 1595 1398; x_wconf 88' lang='lat' dir='ltr'>Dei</span> <span class='ocrx_word' id='word_1_104' title='bbox 1628 1349 1749 1395; x_wconf 84' lang='lat' dir='ltr'>allo-</span> 
     </span>
     <span class='ocr_line' id='line_1_16' title="bbox 399 1430 753 1494; baseline 0.003 -17"><span class='ocrx_word' id='word_1_105' title='bbox 399 1434 514 1494; x_wconf 87' lang='lat' dir='ltr'>quio</span> <span class='ocrx_word' id='word_1_106' title='bbox 549 1430 753 1478; x_wconf 86' lang='lat' dir='ltr'>fruitur:</span> 
     </span>
    </p>
   </div>
   <div class='ocr_carea' id='block_1_4' title="bbox 513 1516 1585 1639">
    <p class='ocr_par' dir='ltr' id='par_1_4' title="bbox 513 1516 1585 1639">
     <span class='ocr_line' id='line_1_17' title="bbox 513 1516 1585 1562; baseline 0.001 -8"><span class='ocrx_word' id='word_1_107' title='bbox 513 1521 598 1554; x_wconf 83' lang='lat' dir='ltr'>Haec</span> <span class='ocrx_word' id='word_1_108' title='bbox 620 1519 704 1562; x_wconf 84' lang='lat' dir='ltr'>tibi,</span> <span class='ocrx_word' id='word_1_109' title='bbox 734 1532 819 1562; x_wconf 79' lang='lat' dir='ltr'>rex,</span> <span class='ocrx_word' id='word_1_110' title='bbox 848 1520 973 1555; x_wconf 83' lang='lat' dir='ltr'>Phoebi</span> <span class='ocrx_word' id='word_1_111' title='bbox 997 1516 1046 1548; x_wconf 78' lang='grc'>(5)</span> <span class='ocrx_word' id='word_1_112' title='bbox 1076 1519 1207 1554; x_wconf 85' lang='lat' dir='ltr'>lunatis</span> <span class='ocrx_word' id='word_1_113' title='bbox 1236 1521 1402 1556; x_wconf 84' lang='lat' dir='ltr'>cornibus</span> <span class='ocrx_word' id='word_1_114' title='bbox 1421 1518 1475 1552; x_wconf 75' lang='lat'>(4)</span> <span class='ocrx_word' id='word_1_115' title='bbox 1506 1522 1585 1555; x_wconf 86' lang='lat' dir='ltr'>edo.</span> 
     </span>
     <span class='ocr_line' id='line_1_18' title="bbox 513 1591 1321 1639; baseline 0.001 -13"><span class='ocrx_word' id='word_1_116' title='bbox 513 1593 655 1627; x_wconf 87' lang='lat' dir='ltr'>Nomen</span> <span class='ocrx_word' id='word_1_117' title='bbox 678 1592 709 1625; x_wconf 89' lang='lat' dir='ltr'>si</span> <span class='ocrx_word' id='word_1_118' title='bbox 727 1605 852 1639; x_wconf 77' lang='lat' dir='ltr'>pergas</span> <span class='ocrx_word' id='word_1_119' title='bbox 874 1606 948 1626; x_wconf 85' lang='lat' dir='ltr'>aevo</span> <span class='ocrx_word' id='word_1_120' title='bbox 975 1591 1151 1626; x_wconf 75' lang='lat' dir='ltr'>celebrare</span> <span class='ocrx_word' id='word_1_121' title='bbox 1173 1593 1321 1638; x_wconf 84' lang='lat' dir='ltr'>perenni</span> 
     </span>
    </p>
   </div>
   <div class='ocr_carea' id='block_1_5' title="bbox 516 1664 1471 1713">
    <p class='ocr_par' dir='ltr' id='par_1_5' title="bbox 516 1664 1471 1713">
     <span class='ocr_line' id='line_1_19' title="bbox 516 1664 1471 1713; baseline -0.001 -14"><span class='ocrx_word' id='word_1_122' title='bbox 516 1665 607 1699; x_wconf 88' lang='lat' dir='ltr'>Urbs</span> <span class='ocrx_word' id='word_1_123' title='bbox 631 1664 695 1698; x_wconf 85' lang='lat' dir='ltr'>tibi</span> <span class='ocrx_word' id='word_1_124' title='bbox 714 1665 901 1699; x_wconf 86' lang='lat' dir='ltr'>condenda</span> <span class='ocrx_word' id='word_1_125' title='bbox 922 1676 976 1700; x_wconf 84' lang='lat' dir='ltr'>est</span> <span class='ocrx_word' id='word_1_126' title='bbox 997 1679 1066 1713; x_wconf 86' lang='lat' dir='ltr'>qua</span> <span class='ocrx_word' id='word_1_127' title='bbox 1090 1675 1159 1700; x_wconf 82' lang='lat' dir='ltr'>stat</span> <span class='ocrx_word' id='word_1_128' title='bbox 1175 1666 1315 1701; x_wconf 79' lang='lat' dir='ltr'>Proteia</span> <span class='ocrx_word' id='word_1_129' title='bbox 1344 1666 1471 1706; x_wconf 87' lang='lat' dir='ltr'>tellus,</span> 
     </span>
    </p>
   </div>
   <div class='ocr_carea' id='block_1_6' title="bbox 1681 1735 1752 1742">
    <p class='ocr_par' dir='ltr' id='par_1_6' title="bbox 1681 1735 1752 1742">
     <span class='ocr_line' id='line_1_20' title="bbox 1681 1735 1752 1742; baseline 0 -1"><span class='ocrx_word' id='word_1_130' title='bbox 1681 1735 1752 1742; x_wconf 74' lang='lat'><em>-..—</em></span> 
     </span>
    </p>
   </div>
   <div class='ocr_carea' id='block_1_7' title="bbox 443 1758 895 1798">
    <p class='ocr_par' dir='ltr' id='par_1_7' title="bbox 443 1758 895 1798">
     <span class='ocr_line' id='line_1_21' title="bbox 443 1758 895 1798; baseline 0 -11"><span class='ocrx_word' id='word_1_131' title='bbox 443 1762 494 1792; x_wconf 78' lang='grc' dir='ltr'>(α)</span> <span class='ocrx_word' id='word_1_132' title='bbox 519 1761 566 1787; x_wconf 85' lang='lat' dir='ltr'>lta</span> <span class='ocrx_word' id='word_1_133' title='bbox 590 1759 664 1787; x_wconf 80' lang='lat' dir='ltr'>cod.</span> <span class='ocrx_word' id='word_1_134' title='bbox 691 1758 895 1798; x_wconf 75' lang='lat' dir='ltr'>astipulare.</span> 
     </span>
    </p>
   </div>
   <div class='ocr_carea' id='block_1_8' title="bbox 401 1806 544 1814">
    <p class='ocr_par' dir='ltr' id='par_1_8' title="bbox 401 1806 544 1814">
     <span class='ocr_line' id='line_1_22' title="bbox 401 1806 544 1814; baseline 0 1302"><span class='ocrx_word' id='word_1_135' title='bbox 401 1806 544 1814; x_wconf 95' lang='lat' dir='ltr'> </span> 
     </span>
    </p>
   </div>
   <div class='ocr_carea' id='block_1_9' title="bbox 389 1842 1752 1946">
    <p class='ocr_par' dir='ltr' id='par_1_9' title="bbox 389 1842 1752 1946">
     <span class='ocr_line' id='line_1_23' title="bbox 461 1842 1752 1892; baseline -0.001 -17"><span class='ocrx_word' id='word_1_136' title='bbox 461 1842 519 1887; x_wconf 85' lang='lat'>(1)</span> <span class='ocrx_word' id='word_1_137' title='bbox 550 1844 605 1876; x_wconf 80' lang='lat' dir='ltr'>Ita</span> <span class='ocrx_word' id='word_1_138' title='bbox 629 1842 812 1876; x_wconf 79' lang='lat' dir='ltr'>evidenter</span> <span class='ocrx_word' id='word_1_139' title='bbox 840 1843 965 1878; x_wconf 86' lang='lat' dir='ltr'>codex.</span> <span class='ocrx_word' id='word_1_140' title='bbox 1018 1845 1094 1877; x_wconf 90' lang='lat' dir='ltr'>Hoc</span> <span class='ocrx_word' id='word_1_141' title='bbox 1120 1853 1240 1878; x_wconf 85' lang='lat' dir='ltr'>autem</span> <span class='ocrx_word' id='word_1_142' title='bbox 1266 1853 1458 1889; x_wconf 77' lang='lat' dir='ltr'>syntaxeos</span> <span class='ocrx_word' id='word_1_143' title='bbox 1483 1854 1594 1889; x_wconf 85' lang='lat' dir='ltr'>genus</span> <span class='ocrx_word' id='word_1_144' title='bbox 1618 1842 1752 1892; x_wconf 19' lang='lat' dir='ltr'>Erudit-</span> 
     </span>
     <span class='ocr_line' id='line_1_24' title="bbox 389 1897 1241 1946; baseline -0.001 -12"><span class='ocrx_word' id='word_1_145' title='bbox 389 1909 526 1935; x_wconf 46' lang='lat' dir='ltr'>*torum</span> <span class='ocrx_word' id='word_1_146' title='bbox 549 1897 704 1945; x_wconf 77' lang='lat' dir='ltr'>ingeniis</span> <span class='ocrx_word' id='word_1_147' title='bbox 727 1900 958 1934; x_wconf 80' lang='lat' dir='ltr'>iudicandum</span> <span class='ocrx_word' id='word_1_148' title='bbox 985 1901 1241 1946; x_wconf 78' lang='lat' dir='ltr'>permittimus,</span> 
     </span>
    </p>
   </div>
   <div class='ocr_carea' id='block_1_10' title="bbox 407 1956 1751 2051">
    <p class='ocr_par' dir='ltr' id='par_1_10' title="bbox 407 1956 1751 2051">
     <span class='ocr_line' id='line_1_25' title="bbox 463 1956 1751 2008; baseline 0.002 -19"><span class='ocrx_word' id='word_1_149' title='bbox 463 1956 520 2000; x_wconf 84' lang='lat'>(2)</span> <span class='ocrx_word' id='word_1_150' title='bbox 551 1956 739 2008; x_wconf 21' lang='lat' dir='ltr'>Inscripti-0</span> <span class='ocrx_word' id='word_1_151' title='bbox 753 1958 851 1991; x_wconf 88' lang='lat' dir='ltr'>estin</span> <span class='ocrx_word' id='word_1_152' title='bbox 863 1958 984 1992; x_wconf 68' lang='lat' dir='ltr'>codiee</span> <span class='ocrx_word' id='word_1_153' title='bbox 997 1970 1110 2003; x_wconf 81' lang='lat' dir='ltr'>graeco</span> <span class='ocrx_word' id='word_1_154' title='bbox 1124 1959 1235 1992; x_wconf 85' lang='lat' dir='ltr'>ambr·</span> <span class='ocrx_word' id='word_1_155' title='bbox 1249 1960 1408 1996; x_wconf 89' lang='grc' dir='ltr'><strong>ΠΑΤΡῙ</strong></span> <span class='ocrx_word' id='word_1_156' title='bbox 1434 1959 1553 2000; x_wconf 76' lang='grc' dir='ltr'>ΘΕΩ,</span> <span class='ocrx_word' id='word_1_157' title='bbox 1573 1959 1751 1997; x_wconf 68' lang='lat' dir='ltr'>AMMsz,</span> 
     </span>
     <span class='ocr_line' id='line_1_26' title="bbox 407 2014 769 2051; baseline -0.014 0"><span class='ocrx_word' id='word_1_158' title='bbox 407 2014 769 2051; x_wconf 77' lang='grc' dir='ltr'><strong>ΑΛΕΞΑΝΔΡΟΣ.</strong></span> 
     </span>
    </p>
   </div>
   <div class='ocr_carea' id='block_1_11' title="bbox 408 2068 1752 2571">
    <p class='ocr_par' dir='ltr' id='par_1_11' title="bbox 408 2068 1752 2454">
     <span class='ocr_line' id='line_1_27' title="bbox 465 2068 1752 2115; baseline -0.002 -13"><span class='ocrx_word' id='word_1_159' title='bbox 465 2069 522 2113; x_wconf 82' lang='lat'>(5)</span> <span class='ocrx_word' id='word_1_160' title='bbox 555 2070 642 2103; x_wconf 87' lang='lat' dir='ltr'>Cod.</span> <span class='ocrx_word' id='word_1_161' title='bbox 671 2068 812 2104; x_wconf 78' lang='lat' dir='ltr'>Phoebo</span> <span class='ocrx_word' id='word_1_162' title='bbox 839 2071 895 2103; x_wconf 89' lang='lat' dir='ltr'>vel</span> <span class='ocrx_word' id='word_1_163' title='bbox 918 2069 1072 2104; x_wconf 69' lang='lat' dir='ltr'>phoeba.</span> <span class='ocrx_word' id='word_1_164' title='bbox 1113 2071 1274 2104; x_wconf 81' lang='lat' dir='ltr'>Iamvero</span> <span class='ocrx_word' id='word_1_165' title='bbox 1297 2071 1536 2104; x_wconf 82' lang='lat' dir='ltr'>Hammonem</span> <span class='ocrx_word' id='word_1_166' title='bbox 1560 2068 1655 2115; x_wconf 85' lang='lat' dir='ltr'>apud</span> <span class='ocrx_word' id='word_1_167' title='bbox 1683 2070 1752 2101; x_wconf 70' lang='lat' dir='ltr'>Ao-</span> 
     </span>
     <span class='ocr_line' id='line_1_28' title="bbox 408 2126 1752 2173; baseline 0 -15"><span class='ocrx_word' id='word_1_168' title='bbox 408 2126 550 2173; x_wconf 72' lang='lat' dir='ltr'>gyptios</span> <span class='ocrx_word' id='word_1_169' title='bbox 587 2126 695 2159; x_wconf 79' lang='lat' dir='ltr'>fuisse</span> <span class='ocrx_word' id='word_1_170' title='bbox 725 2126 928 2170; x_wconf 80' lang='lat' dir='ltr'>symbolum</span> <span class='ocrx_word' id='word_1_171' title='bbox 961 2128 1046 2161; x_wconf 69' lang='lat' dir='ltr'>solis</span> <span class='ocrx_word' id='word_1_172' title='bbox 1073 2135 1122 2160; x_wconf 73' lang='lat' dir='ltr'>[ot</span> <span class='ocrx_word' id='word_1_173' title='bbox 1159 2127 1376 2172; x_wconf 77' lang='lat' dir='ltr'>argumentis</span> <span class='ocrx_word' id='word_1_174' title='bbox 1404 2135 1570 2173; x_wconf 82' lang='lat' dir='ltr'>tantaque</span> <span class='ocrx_word' id='word_1_175' title='bbox 1592 2135 1752 2160; x_wconf 76' lang='lat' dir='ltr'>veterum</span> 
     </span>
     <span class='ocr_line' id='line_1_29' title="bbox 410 2182 1752 2233; baseline -0.003 -16"><span class='ocrx_word' id='word_1_176' title='bbox 410 2182 621 2217; x_wconf 80' lang='lat' dir='ltr'>auctoritate</span> <span class='ocrx_word' id='word_1_177' title='bbox 661 2183 847 2216; x_wconf 84' lang='lat' dir='ltr'>confirmat</span> <span class='ocrx_word' id='word_1_178' title='bbox 887 2184 1112 2218; x_wconf 82' lang='lat' dir='ltr'>lablonskius</span> <span class='ocrx_word' id='word_1_179' title='bbox 1171 2183 1382 2233; x_wconf 67' lang='lat' dir='ltr'>(Pantheon</span> <span class='ocrx_word' id='word_1_180' title='bbox 1418 2192 1570 2231; x_wconf 73' lang='lat' dir='ltr'>aegypt.</span> <span class='ocrx_word' id='word_1_181' title='bbox 1611 2182 1673 2216; x_wconf 82' lang='lat' dir='ltr'>lib.</span> <span class='ocrx_word' id='word_1_182' title='bbox 1708 2182 1752 2214; x_wconf 82' lang='lat' dir='ltr'>IL</span> 
     </span>
     <span class='ocr_line' id='line_1_30' title="bbox 411 2237 1752 2288; baseline -0.004 -13"><span class='ocrx_word' id='word_1_183' title='bbox 411 2252 487 2285; x_wconf 85' lang='lat' dir='ltr'>cap.</span> <span class='ocrx_word' id='word_1_184' title='bbox 511 2246 542 2274; x_wconf 86' lang='lat'>2.</span> <span class='ocrx_word' id='word_1_185' title='bbox 576 2239 613 2272; x_wconf 82' lang='lat' dir='ltr'>ff.</span> <span class='ocrx_word' id='word_1_186' title='bbox 640 2237 790 2288; x_wconf 83' lang='lat'><strong>5—9.)</strong></span> <span class='ocrx_word' id='word_1_187' title='bbox 823 2249 863 2273; x_wconf 92' lang='lat' dir='ltr'>ut</span> <span class='ocrx_word' id='word_1_188' title='bbox 884 2241 1033 2274; x_wconf 79' lang='lat' dir='ltr'>verbum</span> <span class='ocrx_word' id='word_1_189' title='bbox 1059 2239 1189 2273; x_wconf 87' lang='lat' dir='ltr'>addere</span> <span class='ocrx_word' id='word_1_190' title='bbox 1215 2252 1518 2285; x_wconf 83' lang='lat' dir='ltr'>supervacaneum</span> <span class='ocrx_word' id='word_1_191' title='bbox 1542 2240 1599 2274; x_wconf 86' lang='lat' dir='ltr'>sit.</span> <span class='ocrx_word' id='word_1_192' title='bbox 1647 2237 1752 2272; x_wconf 84' lang='lat' dir='ltr'>Addo</span> 
     </span>
     <span class='ocr_line' id='line_1_31' title="bbox 415 2296 1752 2343; baseline -0.003 -12"><span class='ocrx_word' id='word_1_193' title='bbox 415 2307 551 2337; x_wconf 80' lang='lat' dir='ltr'>tamen,</span> <span class='ocrx_word' id='word_1_194' title='bbox 583 2296 621 2329; x_wconf 85' lang='lat' dir='ltr'>id</span> <span class='ocrx_word' id='word_1_195' title='bbox 646 2297 847 2330; x_wconf 83' lang='lat' dir='ltr'>confirmari</span> <span class='ocrx_word' id='word_1_196' title='bbox 882 2298 990 2330; x_wconf 80' lang='lat' dir='ltr'>etiam</span> <span class='ocrx_word' id='word_1_197' title='bbox 1020 2298 1176 2330; x_wconf 85' lang='lat' dir='ltr'>nummis</span> <span class='ocrx_word' id='word_1_198' title='bbox 1198 2297 1322 2343; x_wconf 87' lang='lat' dir='ltr'>quibus</span> <span class='ocrx_word' id='word_1_199' title='bbox 1350 2298 1540 2343; x_wconf 72' lang='lat' dir='ltr'>impressus</span> <span class='ocrx_word' id='word_1_200' title='bbox 1571 2303 1625 2328; x_wconf 85' lang='lat' dir='ltr'>est</span> <span class='ocrx_word' id='word_1_201' title='bbox 1646 2296 1752 2328; x_wconf 76' lang='lat' dir='ltr'>Ham-</span> 
     </span>
     <span class='ocr_line' id='line_1_32' title="bbox 413 2352 1752 2399; baseline -0.001 -12"><span class='ocrx_word' id='word_1_202' title='bbox 413 2366 497 2387; x_wconf 87' lang='lat' dir='ltr'>mon</span> <span class='ocrx_word' id='word_1_203' title='bbox 520 2365 599 2385; x_wconf 84' lang='lat' dir='ltr'>cum</span> <span class='ocrx_word' id='word_1_204' title='bbox 634 2355 738 2397; x_wconf 80' lang='lat' dir='ltr'>globo</span> <span class='ocrx_word' id='word_1_205' title='bbox 766 2354 874 2399; x_wconf 86' lang='lat' dir='ltr'>capiti</span> <span class='ocrx_word' id='word_1_206' title='bbox 907 2355 1127 2389; x_wconf 78' lang='lat' dir='ltr'>imminente.</span> <span class='ocrx_word' id='word_1_207' title='bbox 1172 2353 1265 2387; x_wconf 81' lang='lat' dir='ltr'>Vide</span> <span class='ocrx_word' id='word_1_208' title='bbox 1288 2355 1501 2388; x_wconf 79' lang='lat' dir='ltr'>Eckhelium</span> <span class='ocrx_word' id='word_1_209' title='bbox 1529 2352 1642 2386; x_wconf 78' lang='lat' dir='ltr'>doctr.</span> <span class='ocrx_word' id='word_1_210' title='bbox 1666 2362 1752 2383; x_wconf 78' lang='lat' dir='ltr'>num·</span> 
     </span>
     <span class='ocr_line' id='line_1_33' title="bbox 414 2411 774 2454; baseline -0.006 -11"><span class='ocrx_word' id='word_1_211' title='bbox 414 2419 484 2443; x_wconf 73' lang='lat' dir='ltr'>vec.</span> <span class='ocrx_word' id='word_1_212' title='bbox 511 2411 557 2442; x_wconf 91' lang='lat' dir='ltr'>T.</span> <span class='ocrx_word' id='word_1_213' title='bbox 582 2420 637 2442; x_wconf 74' lang='grc' dir='ltr'>ιν.</span> <span class='ocrx_word' id='word_1_214' title='bbox 661 2423 694 2454; x_wconf 88' lang='lat' dir='ltr'>p.</span> <span class='ocrx_word' id='word_1_215' title='bbox 724 2414 774 2444; x_wconf 70' lang='lat'>54.</span> 
     </span>
    </p>

    <p class='ocr_par' dir='ltr' id='par_1_12' title="bbox 420 2463 1751 2571">
     <span class='ocr_line' id='line_1_34' title="bbox 480 2463 1745 2511; baseline 0 -12"><span class='ocrx_word' id='word_1_216' title='bbox 480 2466 536 2510; x_wconf 73' lang='lat'>(4)</span> <span class='ocrx_word' id='word_1_217' title='bbox 569 2467 704 2499; x_wconf 80' lang='lat' dir='ltr'>L0‹·um</span> <span class='ocrx_word' id='word_1_218' title='bbox 727 2467 905 2499; x_wconf 63' lang='lat' dir='ltr'>declarare</span> <span class='ocrx_word' id='word_1_219' title='bbox 928 2465 1066 2499; x_wconf 81' lang='lat' dir='ltr'>videtur</span> <span class='ocrx_word' id='word_1_220' title='bbox 1086 2467 1175 2500; x_wconf 81' lang='lat' dir='ltr'>mihi</span> <span class='ocrx_word' id='word_1_221' title='bbox 1192 2466 1367 2500; x_wconf 80' lang='lat' dir='ltr'>Eusebius</span> <span class='ocrx_word' id='word_1_222' title='bbox 1392 2465 1521 2511; x_wconf 77' lang='lat' dir='ltr'>Praep.</span> <span class='ocrx_word' id='word_1_223' title='bbox 1546 2476 1600 2498; x_wconf 81' lang='lat' dir='ltr'>ev.</span> <span class='ocrx_word' id='word_1_224' title='bbox 1620 2463 1689 2499; x_wconf 87' lang='lat'>111.</span> <span class='ocrx_word' id='word_1_225' title='bbox 1705 2467 1745 2494; x_wconf 79' lang='lat'>12</span> 
     </span>
     <span class='ocr_line' id='line_1_35' title="bbox 420 2520 1751 2571; baseline -0.003 -13"><span class='ocrx_word' id='word_1_226' title='bbox 420 2521 518 2558; x_wconf 55' lang='lat' dir='ltr'>Rom&gt;</span> <span class='ocrx_word' id='word_1_227' title='bbox 547 2520 609 2567; x_wconf 60' lang='grc' dir='ltr'>τὴν</span> <span class='ocrx_word' id='word_1_228' title='bbox 631 2523 877 2568; x_wconf 62' lang='grc' dir='ltr'>Ἐλεῲειντιυην</span> <span class='ocrx_word' id='word_1_229' title='bbox 902 2522 1005 2558; x_wconf 63' lang='grc' dir='ltr'>πόλιν</span> <span class='ocrx_word' id='word_1_230' title='bbox 1034 2536 1206 2570; x_wconf 36' lang='grc' dir='ltr'>τετίμηται</span> <span class='ocrx_word' id='word_1_231' title='bbox 1237 2523 1405 2571; x_wconf 49' lang='grc' dir='ltr'>ἄγαλμα,</span> <span class='ocrx_word' id='word_1_232' title='bbox 1436 2527 1667 2568; x_wconf 65' lang='grc' dir='ltr'>πεπλασμένον</span> <span class='ocrx_word' id='word_1_233' title='bbox 1692 2523 1751 2564; x_wconf 75' lang='grc' dir='ltr'>μὲν</span> 
     </span>
    </p>
   </div>
  </div>
 </body>
</html>
