1752 3116
389 136 467 174 188
767 134 1120 177 ALEXANDRI
1156 134 1338 175 ACTVS

385 249 790 311 „Peloponnesios
811 283 824 303 ‚
861 248 952 300 ait,
990 246 1270 309 captivitate
1305 246 1530 301 subiecit,
1563 262 1720 307 neque

383 332 508 386 „hoc
544 332 700 386 addit,
737 349 834 378 non
871 331 1003 376 bello
1038 346 1139 376 non
1182 330 1315 383 telis,
1353 330 1601 376 enimvero
1645 329 1726 373 lue

383 427 669 476 „corruptos
705 426 752 460 et
783 415 926 459 fame.
987 412 1080 459 Hic
1129 428 1283 467 nunc,
1331 412 1372 458 si
1415 413 1597 474 placet,
1643 411 1725 456 hic

381 527 401 551 ,‚
415 514 525 542 sane
566 496 778 559 proferte
826 497 876 541 in
922 494 1141 541 medium
1201 506 1364 541 nostra
1410 492 1724 556 Xendq11e<2’

379 610 401 634 „
415 582 767 642 experimenta,
806 579 889 640 qui
922 594 1056 623 mare
1090 577 1304 623 molibus
1346 577 1593 640 presserit,
1639 576 1723 638 qui

379 665 568 717 „altum
596 661 721 708 illud
749 661 951 707 navibus
978 661 1223 715 straverit,
1263 661 1346 723 qui
1379 673 1561 707 terram
1581 659 1722 704 illam

378 763 613 801 „omnem
638 746 850 792 exercitu
886 760 971 790 suo
1007 744 1181 789 texerit
1204 740 1277 796 (b),
1315 745 1401 806 qui
1435 748 1542 790 a'era
1561 742 1745 805 ipsum.

377 828 516 881 „telis
552 829 819 891 iaculisque
853 828 1100 875 velaverit.
1139 827 1329 873 Deinde
1352 828 1496 872 illum
1524 825 1722 889 quidem

376 917 580 965 »Persen
616 913 733 959 adeo
780 912 1044 973 spirantem
1099 923 1148 956 et
1195 909 1522 957 confidentem
1566 907 1732 972 abegi-⁷

376 1013 538 1049 >›mus‚
576 996 781 1041 incensis
818 995 916 1040 eius
964 993 1165 1040 navibus
1210 1006 1294 1040 aut
1339 994 1490 1040 etiam
1531 1007 1722 1054 supera-

373 1079 491 1134 „tisz
530 1091 578 1124 et
611 1091 688 1125 tot
721 1080 808 1124 illa
853 1079 992 1123 milia
1038 1078 1273 1124 exercitus
1309 1077 1368 1123 ab
1403 1078 1492 1122 hac
1526 1075 1721 1121 civitate

371 1162 729 1223 „reppulimus,
767 1162 1032 1225 Cynaegiro
1069 1172 1116 1206 et
1149 1161 1450 1222 Antiphonte
1491 1170 1540 1205 et
1581 1162 1722 1204 Mne·

370 1245 644 1298 „sieharmo
681 1243 883 1305 aliisque
918 1261 1019 1290 non
1054 1244 1223 1290 multis
1256 1244 1334 1290 illi
1356 1243 1621 1291 violentiae
1641 1259 1720 1289 oc-

370 1357 390 1380 ,‚
409 1325 721 1372 cursantibus.
768 1330 913 1372 Nunc
950 1339 1112 1373 autem
1146 1344 1259 1381 nos,
1308 1345 1520 1390 quorum
1573 1327 1719 1373 duces

369 1409 647 1470 „roburque
680 1410 860 1454 virium
897 1426 1176 1457 enumerare
1211 1410 1412 1458 difficile
1446 1422 1530 1465 est,
1571 1410 1716 1455 reniti

368 1492 668 1544 „Alexandro
707 1491 1057 1538 declinabimus
1079 1494 1128 1527 (⁶)
1162 1512 1315 1556 puero
1364 1493 1631 1542 confidenti
1667 1505 1716 1540 et

367 1576 539 1637 „hiscen
565 1575 724 1621 noxiis
740 1573 794 1606 (d)
829 1575 1141 1630 satellitibus,
1190 1579 1272 1639 qui
1317 1575 1597 1640 inprudenti
1642 1577 1715 1622 in-

364 1657 681 1719 „prudentius
718 1657 1034 1720 obsequentes
1082 1662 1409 1707 temeritatem
1445 1660 1546 1707 eius
1580 1676 1715 1723 prae-

362 1742 600 1802 „cipitare
636 1758 775 1804 mage
809 1752 1042 1802 poterunt
1076 1760 1223 1805 quam
1257 1742 1467 1790 fulcire?

460 1827 566 1874 XII,
615 1822 720 1877 „Ad
751 1823 942 1885 quosffl
993 1824 1075 1886 (id
1120 1843 1207 1888 per
1250 1831 1381 1873 Deos
1423 1827 1712 1886 deliberate)

361 1907 507 1968 „quid
543 1906 741 1953 tandem
777 1907 1085 1955 destinandos
1120 1910 1375 1956 Aeschines
1411 1924 1600 1959 censeat
1633 1911 1713 1958 de-

361 1991 492 2044 „cim
526 1993 709 2052 pariter
745 1994 997 2038 oratores?
1043 1997 1137 2038 Eos
1184 2010 1244 2039 ne
1287 2010 1456 2042 omnes
1502 2012 1709 2057 quorum

359 2073 593 2137 „singulis
629 2091 768 2137 saepe
802 2075 970 2121 salutis
1015 2088 1200 2122 vestrae
1237 2078 1436 2123 consilia
1483 2077 1706 2124 rexistis?

359 2159 565 2218 „Neque
612 2158 704 2205 hoc
748 2159 924 2205 videtis
976 2158 1302 2205 Alexandrum
1348 2160 1486 2206 vobis
1533 2160 1705 2207 subtili

357 2269 376 2293 »
391 2240 602 2300 quodam
668 2254 715 2288 et
774 2241 1073 2290 clandestino
1131 2244 1336 2290 consilio
1389 2256 1701 2297 monstrasse,

389 2421 442 2453 (ιι)
465 2422 626 2460 Superius
646 2435 717 2463 cap.
744 2437 797 2459 ix.
824 2429 979 2464 Xer-1112.
1003 2435 1037 2458 at
1060 2430 1116 2459 hic
1139 2430 1261 2463 Xerxi,
1284 2429 1376 2467 quod
1401 2431 1536 2460 retineo
1559 2435 1700 2469 propter

355 2474 550 2508 exemptum
567 2477 737 2506 niz-erarii
753 2489 824 2516 cap.
841 2481 974 2507 van.
1011 2477 1056 2511 (b)
1081 2480 1165 2509 God.
1190 2488 1309 2510 exerte.
1341 2483 1386 2514 (c)
1410 2481 1490 2510 cod.
1516 2479 1699 2510 declinavi·

355 2530 440 2549 mm.
490 2523 543 2558 ol)
571 2526 652 2554 Cod.
686 2538 778 2557 noa-1.
819 2534 864 2562 (e)
892 2530 974 2559 cod.
1002 2529 1052 2559 ad
1080 2539 1232 2570 ‘quosque‘
