1752 3116
350 182 371 215 7
379 177 402 219 4
820 175 1215 219 ITINERAIUVM

172 311 330 357 Capitur.
449 289 498 336 C.
534 291 737 352 Reperti
765 306 932 337 omnes
966 288 1455 355 quadringenti'viri,
1494 290 1579 352 qui
1605 304 1687 351 pa·

346 385 532 419 travere
569 390 671 419 rem
703 375 754 419 in
785 376 914 419 hunc
945 373 1163 419 modum.
1220 374 1417 420 Paxillis
1444 372 1610 420 ferreis
1633 372 1687 404 (a)

341 456 520 518 *qtubus
541 457 691 519 pelles
710 456 990 509 intendunt,
1024 468 1269 518 praetenta
1300 455 1428 510 Face,
1475 472 1526 502 ea
1548 466 1686 517 parte

340 541 590 602 praerupti
626 556 718 601 qua
753 537 858 585 fieri
888 551 1050 600 posset
1080 552 1162 586 aut
1190 541 1301 605 gelu
1330 539 1542 592 cederet,
1577 555 1684 583 mu·

340 634 427 668 tuo
464 623 621 668 innixi
643 622 848 668 fiebant:
884 622 1050 684 eisque
1070 622 1290 669 subvecti
1313 621 1552 684 paulatim
1578 637 1684 667 om-

337 707 391 752 ni
414 703 459 739 ³⁶³
494 705 582 752 sub
606 718 749 752 nocte
778 705 977 751 tandem
999 707 1210 753 evadunt
1230 708 1375 752 armis
1399 721 1510 758 una,
1548 719 1682 750 cum-

338 806 431 851 que
459 791 568 836 luce
593 790 785 852 inopini
816 789 1022 836 inruunt
1050 807 1242 837 securos
1271 802 1319 836 et
1348 790 1556 835 inermes
1579 785 1686 832 bar·
1743 799 1747 804 ·

335 871 478 920 baros
523 890 578 919 ac
616 874 956 927 semisomnes,
1009 873 1350 936 inpeditosque
1384 870 1685 918 mulierculis

336 970 384 1003 et
407 956 677 1004 infantibus
700 957 986 1019 praecipites
1012 969 1186 1021 agunt,
1223 957 1349 1002 nihil
1371 972 1544 1002 eorum
1568 969 1685 1016 pau-

335 1040 494 1085 citatis
540 1040 741 1086 scientes
787 1040 1020 1086 donicum
1066 1040 1244 1101 reliqui
1289 1056 1392 1085 sese
1424 1037 1683 1089 dederant,

335 1124 385 1170 et
428 1123 565 1169 aditu
616 1135 826 1170 reserato
876 1136 1022 1185 quem
1066 1121 1393 1169 inserabiliter
1437 1120 1685 1168 obstruxe-

333 1219 466 1258 rant,
513 1206 783 1252 Alexander
817 1217 1143 1267 receptaretur
1178 1217 1226 1251 et
1250 1207 1295 1237 (⁶)
1330 1204 1511 1266 copiae.
1580 1207 1684 1248 Nec

330 1302 495 1335 tamen
524 1289 735 1350 amplius
766 1287 884 1333 viris
908 1304 997 1333 ·xx·
1036 1288 1344 1342 desideratis,
1379 1304 1499 1348 quos
1525 1302 1684 1332 ascen-

330 1374 520 1418 sionem
554 1372 839 1424 molientes,
887 1369 972 1415 ubi
1019 1370 1115 1417 loci
1152 1370 1368 1416 conditio
1405 1369 1681 1421 fefellisset,

330 1455 541 1501 deiectos
558 1453 613 1484 (d)
648 1454 696 1498 in
722 1471 950 1516 praeceps
983 1471 1044 1499 ne
1067 1454 1344 1515 sepul-turae
1368 1452 1566 1515 quidem
1589 1452 1683 1497 nisi

328 1540 528 1587 nivium
557 1537 894 1600 profunditate
922 1549 1136 1583 servarat
1166 1554 1300 1583 casus
1331 1548 1416 1581 aut
1439 1535 1614 1581 fatum.

155 1642 315 1676 Alexan-
433 1627 507 1669 CI.
542 1622 695 1686 Igitur
730 1621 804 1666 his
840 1621 999 1666 victor
1033 1621 1186 1682 copiis
1227 1619 1358 1666 fotus
1394 1631 1680 1680 auctusque,

101 1699 155 1731 dri
179 1698 312 1743 ”⁰1³⁶ae
330 1705 582 1770 quomodo
626 1704 666 1749 si
703 1703 871 1749 artem
913 1704 1286 1750 Bactrianorum
1319 1702 1442 1767 regis
1477 1702 1684 1748 affectus
1726 1758 1729 1760 q

97 1768 179 1788 enm
236 1756 313 1790 Ro-

96 1823 199 1847 xane,
330 1807 541 1853 opesque
585 1788 690 1832 illic
735 1786 1044 1848 repperisset,
1093 1787 1195 1833 eius
1228 1788 1468 1851 virginem
1503 1782 1680 1838 filiam,

329 1878 580 1919 Roxanem
614 1870 836 1923 nomine,
875 1885 1052 1933 magno
1084 1869 1273 1916 formae
1297 1870 1474 1916 merito
1513 1882 1560 1916 et
1594 1886 1681 1916 no·

327 1956 531 2003 bilitatis
577 1953 671 2001 sibi
715 1953 983 2018 coniungit.
1052 1957 1098 1999 Is
1140 1954 1225 2000 ille
1271 1954 1482 2008 scilicet,
1530 1970 1675 2016 quem

361 2135 411 2166 (α)
436 2132 516 2162 eod.
532 2130 684 2169 paxillos
700 2131 841 2166 ferreos.
877 2128 925 2164 (b)
947 2133 998 2160 tta
1021 2131 1094 2160 cod·
1119 2133 1221 2161 omni.
1260 2134 1304 2166 (c)
1330 2130 1412 2161 cod.
1440 2139 1489 2161 ue.
1516 2132 1571 2166 (d)
1594 2132 1674 2161 eod.

327 2183 476 2213 deiectis-

326 2333 400 2365 περ.
431 2327 463 2353 2.
497 2328 604 2365 atque
637 2319 674 2352 in
711 2319 817 2353 variis
850 2319 1063 2353 lectionibm
1088 2318 1199 2353 Plinii
1231 2319 1269 2352 in
1305 2319 1430 2354 eadem
1466 2321 1674 2365 Symmachi

325 2377 486 2410 edition«-
510 2376 766 2409 mediolanensi
787 2389 822 2421 p.
847 2381 902 2411 64.

383 2433 441 2479 (1)
474 2435 527 2466 Ita
565 2435 642 2465 cod.
677 2433 745 2467 Sed
786 2432 881 2466 euim
923 2432 1108 2466 videbatur
1146 2432 1399 2467 scribendum:
1442 2433 1616 2480 quomodo
1647 2436 1677 2467 si

326 2493 361 2523 in
392 2503 472 2523 arca
505 2491 776 2523 Bactriana-am
810 2491 903 2535 regis
935 2485 1184 2537 (Persarum)
1228 2487 1377 2536 affectus
1407 2503 1559 2535 opesque
1590 2504 1673 2537 rep-

325 2550 469 2593 perisset
506 2556 569 2580 vic.
612 2547 670 2582 Sic
701 2549 796 2581 cmm
827 2547 983 2581 narratio
1014 2555 1224 2594 congrueret
1254 2559 1336 2583 eum
1367 2548 1520 2582 Arriano
1542 2559 1594 2581 tv.
1624 2554 1673 2581 1⁴).
