1752 3116
492 215 595 255 SEV
620 214 793 256 LIBER
820 214 876 256 11.
1277 217 1353 255 193

12 360 30 384 ,‚
46 330 152 392 quit
181 329 470 375 intrinsecus
495 346 575 376 eos
601 341 648 373 et
683 330 812 375 inter
833 346 883 375 se
907 328 1202 374 decertantes
1222 328 1354 375 bello

12 413 259 467 >,vincam,
315 429 402 458 nec
448 412 630 475 gloriae
676 428 812 457 meae
857 412 1071 473 palmam
1116 412 1211 457 luis
1264 412 1356 457 sibi

11 506 125 548 „aut
159 494 301 541 famis
336 495 535 541 nomina
571 493 836 541 vindicent.
895 499 957 539 Et
992 494 1108 539 haec
1156 493 1355 556 quidem

10 577 108 632 „ita
142 577 254 624 sint.
302 578 475 622 Mirari
511 589 674 622 tamen
710 593 823 630 vos,
861 577 1059 623 interim
1086 594 1186 624 non
1213 594 1355 639 opor-

10 671 138 715 μετ,
172 664 476 724 Stasagoram
511 660 795 724 magistratu
832 677 932 706 esse
954 659 1216 714 deiectum,
1243 678 1355 706 cum

10 742 315 807 „indignatio
352 743 437 789 illa
460 736 603 790 vobis*
636 744 935 805 utilitatique
970 744 1222 790 communi
1245 761 1355 805 pro-

10 824 188 882 ‚‚ficiat,
245 831 375 872 Nam
429 828 471 873 si
523 827 833 873 Atheniensis
885 831 1154 891 Stasagoras
1207 844 1356 888 aeque

11 926 99 964 „ac
125 909 176 940 (a)
211 909 430 956 sacerdos
462 911 548 955 illa
583 910 757 971 templi
793 910 1020 956 nostratis
1069 923 1159 963 est,
1208 927 1358 972 quam

12 993 348 1057 „magistratus
402 992 487 1038 ille
537 994 812 1054 privaverat
855 991 1148 1045 sacerdotio;
1196 1009 1360 1039 nonne

10 1079 342 1139 „praevenisse
387 1076 775 1141 indignationem
819 1089 1030 1122 vestram
1082 1090 1129 1123 et
1171 1089 1359 1122 senten·

10 1161 133 1213 „tias
167 1159 362 1206 videtur
396 1159 684 1213 Alexander,
722 1175 836 1204 cum
871 1160 1009 1205 illam
1043 1161 1274 1206 iniuriam
1308 1162 1360 1205 in

13 1256 294 1295 „auctorem
327 1244 501 1297 vertit,
539 1259 683 1304 quam
719 1246 989 1306 Stasagoras
1013 1244 1192 1290 fecerat
1217 1245 1268 1287 in
1293 1260 1362 1288 sa-

12 1325 332 1379 „cerdotemi>
369 1327 629 1389 omniaque
665 1343 786 1389 quae
820 1326 897 1370 illi
932 1327 982 1370 in
1012 1327 1363 1372 contumeliam

11 1411 198 1463 „nostri
234 1410 404 1455 fecerit
437 1409 643 1471 proinde
678 1411 810 1456 ultus
829 1411 917 1463 sit,
953 1421 1009 1454 ut
1035 1426 1059 1455 a
1084 1409 1225 1456 nobis
1247 1425 1365 1470 quo-

14 1509 141 1554 „que
175 1492 447 1538 ulciscenda
485 1512 584 1540 esse
619 1492 1020 1555 praesumeret‹<‘.2

112 1579 260 1621 XVII.
310 1580 365 1620 In
403 1576 534 1622 hisce
567 1578 715 1622 etiam
751 1594 880 1623 nunc
900 1577 1242 1626 Demosthenis
1262 1592 1365 1622 ora·
1412 1584 1596 1617 Peroratio

15 1659 88 1704 tio
133 1657 437 1712 versabatur,
496 1671 544 1705 et
598 1661 890 1707 adclamatio
935 1661 1160 1723 protinus
1211 1660 1364 1705 nimia
1382 1642 1598 1730 ffirnosthe-

20 1742 443 1802 Amphictyonum
463 1739 508 1773 (²⁷)
546 1757 666 1798 erat,
705 1757 753 1790 et
787 1746 1026 1789 tumultus
1052 1745 1364 1807 incongruus,

20 1841 75 1870 ac
119 1825 328 1870 Demadi
377 1824 628 1871 silentium
679 1826 965 1871 iubebatur:
1022 1826 1207 1871 laudari
1250 1843 1367 1872 vero

18 1924 374 1969 nonnunquam
410 1910 667 1956 Aeschines
703 1909 762 1955 ab
801 1911 991 1971 optimo
1028 1925 1233 1970 quoque.
1279 1907 1372 1954 Sed

20 1992 152 2036 enim
190 2008 479 2055 consurgens
533 1992 600 2037 ait·
647 1993 851 2039 [iterum
896 1994 1249 2039 Demosthenes
1276 1992 1371 2045 (¹³1.

22 2077 265 2128 „Xerxem
301 2076 453 2120 maria
492 2075 690 2136 quidem
727 2092 871 2121 muro
897 2076 1134 2128 munisse,
1171 2075 1374 2137 profun-

25 2158 171 2213 „dum
210 2159 358 2204 etiam
394 2158 597 2204 navibus
622 2159 965 2212 constravisse,
1003 2160 1214 2205 exercitu
1237 2164 1377 2204 Grae-

75 2335 129 2367 (a)
152 2333 236 2363 eod.
261 2341 322 2369 pro
345 2341 451 2374 aeque
470 2343 512 2363 ac
534 2335 636 2364 habet
658 2344 773 2372 quam.
811 2332 857 2367 (b)
882 2335 963 2365 cod.
985 2334 1258 2370 Antifictionum.

95 2470 156 2522 (1)
190 2473 265 2507 Cod
295 2474 367 2506 sic:
410 2472 482 2506 Sed
517 2473 608 2505 enim
643 2486 837 2508 consensus.
890 2473 955 2506 Ait
979 2475 1080 2505 enim.
1124 2472 1286 2507 Xerxem
1315 2481 1383 2506 ete.

0 2567 1 2572 ¹
39 2531 101 2576 qui
130 2539 184 2564 est
207 2531 307 2564 locus
338 2529 414 2563 sine
442 2530 548 2562 dubio
577 2540 772 2576 corruptus.
825 2532 973 2564 Constat
997 2537 1115 2562 autem
1141 2542 1183 2562 ex
1213 2542 1288 2575 cap.
1313 2540 1382 2563 xx.

40 2589 140 2633 loqui
168 2588 246 2620 heic
274 2586 405 2619 iterum
423 2583 715 2621 Demosthenem.

1060 2644 1115 2685 13
