1752 3116
313 154 389 194 1-36
694 152 1048 194 ALEXANDRI
1077 154 1259 195 ORTVS

133 293 292 338 Agatho-
408 268 598 312 XXVII.
634 266 936 316 Aedificandi
974 279 1137 313 tamen
1170 267 1511 314 Alexandriam
1545 282 1658 313 con·

134 351 283 382 1¹ss0m0¹³
310 361 405 395 stat
448 351 747 414 principium
798 367 856 396 ex
903 350 1163 396 meditulio
1212 367 1312 396 esse
1358 349 1542 396 factum
1579 348 1653 401 (¹³,

137 417 291 451 serpens.
309 433 456 494 idque
501 433 650 479 etiam
693 449 824 479 nunc
859 449 1040 479 nomen
1087 431 1137 478 in
1179 448 1230 479 ea
1277 432 1397 478 urbe
1431 430 1658 487 retineri²

312 516 441 578 quod
486 515 924 579 Mes-onpondi001>
967 528 1180 562 vocetur.
1259 516 1453 577 Coeptis
1496 525 1659 559 autem

311 600 674 654 molitionibus,
712 616 901 663 surgere
936 599 1111 645 visitur
1151 598 1295 644 draco
1334 597 1534 661 quidam
1567 607 1661 642 ter-

311 682 469 728 ribilis
499 683 835 747 magnitudine
864 698 918 728 ac
942 682 1215 736 maiestate,
1254 682 1340 743 qui
1373 682 1663 743 plerumque
1707 735 1710 740 .

313 764 511 829 opifices
558 764 856 821 incursabat,
917 766 1112 827 eiusque
1158 765 1475 811 nonnihilum
1508 763 1661 823 impe-

311 848 409 894 diri
453 848 598 910 opera
645 848 934 895 videbantur
978 865 1080 894 non
1123 848 1285 893 minus
1334 859 1468 893 metu
1510 847 1664 893 visen-

312 932 439 977 tium
487 949 634 994 quam
682 931 919 995 religione
943 930 1009 977 (2).
1082 931 1225 994 Quod
1270 948 1385 977 cum
1428 931 1482 976 in
1524 946 1664 976 aures

312 1014 575 1063 Alexandri
607 1026 900 1077 perventum
935 1013 1088 1067 foret,
1145 1013 1284 1061 lubet
1306 1011 1353 1046 (ὅ)
1386 1014 1666 1076 insequenti

313 1097 405 1143 sub
442 1097 546 1151 die,
582 1096 736 1143 sicubi
771 1097 900 1143 forte
934 1114 1065 1144 sacra
1106 1099 1191 1143 illa
1226 1097 1368 1143 belua
1402 1098 1664 1151 videretur,

314 1197 484 1226 omnes
530 1179 748 1240 undique
783 1179 1077 1226 confluentes
1123 1197 1293 1226 necem
1327 1180 1527 1228 draconi
1562 1198 1669 1228 mo·

313 1262 422 1307 liri:
462 1261 608 1324 idque
631 1263 821 1309 naviter
850 1261 1061 1316 factum,
1099 1280 1449 1326 oppressusque
1481 1281 1538 1311 eo
1566 1265 1667 1311 loci

317 1358 389 1392 est
412 1345 556 1393 draco
582 1345 665 1391 ubi
700 1363 830 1392 nunc
854 1349 1027 1392 Scoam
1049 1358 1250 1393 vocant:
1287 1360 1337 1393 et
1355 1349 1666 1411 sepulchrum

315 1439 482 1474 tamen
519 1429 719 1477 draconi
761 1430 1009 1494 consurgit
1051 1447 1197 1492 opere
1230 1430 1502 1479 admodum
1535 1432 1670 1481 labo-

314 1524 424 1565 rato
446 1511 521 1567 (3),
579 1526 629 1560 et
671 1514 850 1560 iuxtim
893 1513 1165 1561 Alexander
1211 1515 1348 1563 iubet
1393 1517 1668 1563 coronarias

353 1701 404 1733 (a)
428 1702 479 1729 Ita
509 1701 585 1730 cod.
611 1700 761 1730 Additur
792 1707 907 1731 autem
939 1703 1143 1734 recentiore
1173 1708 1278 1732 manu
1312 1702 1352 1731 in
1388 1703 1543 1741 margine
1569 1721 1672 1753 μεσο-

318 1754 460 1783 τοντίῡν.
498 1749 543 1784 (b)
568 1751 659 1780 Num
683 1750 908 1781 scribendum
932 1748 1041 1782 iubae?

383 1899 445 1952 (1)
479 1902 623 1937 Curtius
655 1913 711 1935 1v.
747 1907 779 1938 8.
822 1902 1042 1938 Alexander
1070 1902 1116 1936 ab
1151 1903 1348 1936 Hammone
1381 1902 1544 1945 rediens,
1584 1912 1623 1936 ut
1649 1915 1672 1936 a

324 1961 416 1994 mari
451 1959 499 1992 ad
521 1957 722 1992 Mareotim
745 1958 939 2006 paludem,
982 1959 1078 1993 haud
1100 1960 1227 2005 procul
1258 1959 1374 1993 insula
1399 1959 1518 1995 Pharo
1541 1960 1672 2002 sitam,

324 2018 424 2050 venit
437 2029 449 2053 ;
479 2013 736 2061 contemplatus
756 2015 826 2050 loci
845 2026 1010 2050 naturam
1023 2040 1035 2058 ,
1063 2018 1216 2062 primum
1240 2017 1275 2048 in
1298 2018 1377 2062 ipsa
1399 2014 1516 2049 insula
1535 2026 1672 2049 statue-

327 2079 385 2107 rat
406 2072 527 2106 arbem
549 2085 676 2106 novam
699 2073 860 2106 condere.
899 2074 985 2108 Inde
999 2097 1010 2115 ,
1041 2082 1079 2106 ut
1101 2073 1293 2118 adparuit,
1325 2085 1475 2118 magnae
1498 2072 1593 2108 sedis
1617 2075 1673 2107 in·

326 2128 443 2164 sulam
467 2129 560 2162 haud
581 2141 771 2175 capacem,
798 2129 909 2175 elegit
931 2128 1010 2162 urbi
1029 2128 1143 2163 Iocum
1163 2129 1220 2162 uhi
1243 2143 1331 2162 nunc
1352 2140 1403 2163 est
1429 2128 1673 2164 Alexandria.

385 2185 443 2230 (2)
465 2187 588 2221 Simile
608 2187 814 2233 prodigium
832 2188 955 2233 anguis
973 2186 1190 2232 erumpentis
1211 2199 1228 2219 e
1251 2187 1571 2221 substructionibus
1587 2199 1671 2221 nar-

329 2252 383 2278 rat
401 2243 525 2279 Livius
552 2244 581 2277 Ι.
609 2247 661 2277 56.

388 2299 448 2345 (5)
479 2300 714 2346 Sepulchrum
748 2300 1089 2346 Agathudaemonos
1132 2299 1217 2343 (uti
1256 2313 1341 2335 mox
1381 2302 1581 2346 appellatur
1614 2302 1672 2335 hic

333 2355 467 2402 draco)
503 2365 675 2390 memorat
709 2357 1003 2393 Abd-Allatifus
1038 2358 1076 2391 in
1106 2359 1275 2404 Aegypti
1310 2358 1544 2402 descriptione
1577 2358 1672 2391 edita

333 2428 351 2447 a
372 2426 507 2449 summo
530 2414 605 2447 viro
628 2414 796 2447 Silvestre
822 2415 920 2450 Sat-io
948 2426 982 2460 p.
1011 2420 1084 2446 1'7.
1137 2416 1214 2448 Hoc
1240 2424 1289 2448 est
1313 2422 1413 2448 vetus
1447 2415 1535 2448 illud
1561 2415 1674 2448 sace]-

333 2470 410 2504 lum
438 2471 618 2516 Serapidis
640 2479 745 2516 atque
768 2472 870 2505 Isidis
885 2471 977 2517 quud
1000 2471 1146 2505 Tacitus
1170 2472 1252 2504 hia.
1279 2482 1333 2505 rv.
1359 2476 1411 2505 m.
1438 2473 1485 2504 ait
1514 2472 1672 2505 extitisse

336 2537 418 2560 anto
440 2529 727 2563 Ptolemaeorum
749 2538 901 2564 aetatem
925 2529 961 2562 in
988 2530 1066 2562 loco
1089 2528 1146 2562 cui
1175 2538 1303 2562 nomen
1326 2529 1507 2563 Rhacotis.
