1752 3116
333 179 355 213 2
365 181 381 212 1
389 176 414 215 4
717 173 1072 215 ALEXANDRI
1099 173 1282 214 ACTVS

332 286 617 348 „coepistis‚
654 288 775 333 scire
820 303 906 333 vos
940 303 1027 348 par
1074 298 1170 339 est,
1217 296 1426 347 satrapas
1478 287 1677 350 quidem

334 370 642 433 „regionibus
678 370 968 416 constitutos
1005 368 1182 431 quibus
1227 386 1285 414 ex
1319 384 1457 414 more
1490 368 1678 430 parebi-

333 452 427 506 „tis
471 452 601 497 haud
645 469 774 499 secus
817 469 1009 515 prorsus
1061 469 1115 498 ac
1163 451 1250 498 sub
1273 451 1327 484 (α)
1371 451 1524 497 Dario
1569 468 1679 498 mos

333 564 353 589 „
368 547 491 580 erat:
556 551 710 596 eoque
752 536 1024 582 consultavi
1075 553 1137 582 ne
1182 535 1365 582 incerta
1407 535 1680 599 regentium

332 617 636 671 „observatio
672 620 781 680 plus
825 636 970 681 penes
1013 636 1100 666 vos
1142 618 1344 665 haberet
1398 615 1680 664 formidinis

330 716 511 761 „quam
545 702 778 753 veritatis.

431 787 650 833 XXXIX.
698 783 954 841 „Utemini
986 783 1136 849 igitur
1169 783 1358 848 legibus
1392 781 1562 829 vestris
1602 795 1685 842 pa·
1735 775 1739 780 ⁸

331 865 482 919 „riter
517 883 571 912 ac
606 867 839 915 moribus.
884 867 1021 913 Idem
1057 867 1191 912 enim
1225 865 1366 913 vobis
1401 875 1684 916 conventus,

332 949 561 1001 „eaedem
608 951 973 1013 solempnitates
1032 961 1081 995 et
1125 950 1314 1004 suavia,
1371 965 1461 994 nec
1505 962 1685 1011 vagum

332 1048 664 1093 „quemquam
697 1051 725 1080 a
760 1035 958 1098 regione
993 1034 1073 1079 vel
1106 1032 1298 1079 sedibus
1319 1032 1416 1078 suis
1443 1029 1686 1076 aberrasse

332 1115 595 1176 „quopiam
629 1117 924 1177 probaturus
970 1135 1095 1163 sum.
1167 1116 1359 1178 Quippe
1394 1113 1571 1176 quibus
1605 1127 1686 1174 pa·

331 1200 595 1253 „trimonia
630 1200 767 1260 priva
791 1199 970 1245 habere
989 1198 1312 1261 permiserim,
1337 1196 1549 1258 exceptis
1569 1210 1686 1242 auro

331 1283 546 1343 „pariter
594 1295 642 1328 et
687 1295 914 1347 argento,
965 1298 1087 1343 quae
1131 1279 1406 1327 communis
1451 1279 1532 1324 hic
1575 1293 1688 1324 usus

331 1366 516 1430 „magis
553 1383 652 1412 esse
685 1366 817 1430 regia
853 1365 1128 1413 confitetur.
1194 1365 1399 1425 Reliqua
1435 1378 1552 1408 vero
1586 1377 1691 1407 om·

332 1449 438 1503 „nis
472 1460 670 1495 moneta
691 1483 703 1504 ‚
742 1466 1077 1512 quaecumque
1111 1461 1206 1503 est,
1251 1447 1454 1494 domino
1490 1445 1691 1508 permit·

332 1545 507 1588 „teturu
555 1535 947 1580 Armamentaria
980 1549 1094 1579 sane
1126 1532 1315 1595 privata
1360 1531 1403 1577 si
1442 1530 1496 1575 in
1545 1544 1689 1575 usum

334 1615 620 1679 „publicum
654 1628 872 1678 satrapae
906 1617 1171 1662 necessaria
1198 1614 1439 1667 viderint,
1475 1613 1550 1658 his
1573 1627 1690 1673 quo-

333 1717 459 1762 „que
495 1717 577 1745 eos
611 1699 687 1744 uti
721 1711 949 1760 oportere
983 1697 1226 1746 mandavi.
1270 1696 1476 1761 Agmina
1509 1695 1691 1757 pariter

334 1814 354 1838 „
367 1783 703 1847 peregrinare,
739 1783 889 1844 inque
910 1778 957 1813 (ὅ)
992 1782 1149 1827 aliena
1194 1780 1398 1827 transire
1431 1777 1691 1825 interdixe-

332 1898 355 1922 ῃ
368 1867 489 1920 rim,
527 1865 623 1910 nisi
659 1864 793 1927 quod
826 1865 999 1912 tuendi
1031 1867 1106 1912 sui
1142 1866 1295 1931 gratia
1329 1880 1481 1926 usque
1515 1860 1576 1907 ad
1610 1860 1690 1907 de-

336 1981 356 2006 »
369 1967 477 1996 cem
519 1949 759 2013 vigintive
812 1950 1075 1999 hominum
1121 1965 1386 1994 numerum
1431 1960 1690 2010 congreges

335 2034 563 2090 „facienn
610 2037 778 2079 Cetera
822 2032 1092 2080 multitudo
1141 2049 1231 2095 pro
1275 2031 1598 2078 rebellatione
1644 2040 1702 2075 et

336 2117 558 2173 „hostico
593 2116 836 2178 punietur.

435 2205 536 2247 XL.
582 2203 1007 2253 „Mercaturarum
1042 2216 1264 2245 versurae
1298 2199 1396 2244 sint
1428 2196 1602 2245 itidem
1636 2208 1694 2243 ut

335 2283 456 2342 „sub
491 2283 666 2337 Dario,
702 2295 995 2344 pateantque
1036 2282 1329 2328 commercia
1382 2282 1462 2327 vel
1503 2281 1693 2327 Graecis

336 2371 421 2426 „in
456 2373 643 2422 Persas,
680 2368 760 2414 vel
794 2368 946 2414 Persis
982 2367 1132 2413 etiam
1168 2366 1228 2411 ad
1250 2370 1467 2416 Graecos,
1498 2365 1690 2427 Quippe

337 2453 622 2517 „provisum
670 2464 740 2498 est
784 2463 841 2496 ut
888 2468 975 2512 per
1018 2463 1227 2512 satrapas
1275 2450 1422 2495 etiam
1469 2448 1687 2495 dimensa

381 2574 435 2605 (a)
461 2571 547 2601 cod.
566 2580 606 2601 ac
628 2573 658 2601 si
681 2568 750 2601 sub.
798 2567 846 2604 (b)
871 2569 956 2598 eod.
981 2569 1016 2598 in
1043 2579 1121 2607 qua.
