1732 3121
477 130 582 170 SEV
604 129 777 171 LIBER
802 127 879 168 III.
1268 127 1348 164 255

10 249 159 312 Quare
189 245 453 286 commodum
482 259 592 286 nunc
633 246 820 286 numeris
849 243 1127 296 congregatis
1164 241 1272 282 hanc
1302 252 1348 279 se

3 321 153 362 moliri
171 319 379 359 militiam
403 328 453 358 ut
476 319 639 359 ultioni
661 319 902 359 consuleret
925 315 991 358 (a).

87 392 141 431 L·
171 393 263 433 His
286 392 510 443 conpertis
542 392 816 432 Ptolomaeus
846 390 906 430 ad
936 402 1079 441 regem
1111 387 1348 438 irrumpit,
1385 386 1552 424 Alexan-

2 473 48 506 et
69 478 180 520 quae
201 473 407 516 conperta
431 465 738 504 communicat:
767 477 876 515 quae
905 463 1077 517 quidem
1095 469 1231 512 grata
1260 459 1352 498 Ale·
1367 445 1426 478 dri
1456 459 1551 480 com-

2 537 179 578 xandro
201 547 245 577 et
266 552 320 577 ex
341 546 442 578 voto
465 537 666 577 accedere
688 530 737 567 (ὅ)
765 535 1042 578 videbantur.
1084 535 1244 586 Surgit
1263 533 1351 583 igi·
1366 511 1529 538 mentum.

3 619 79 651 tur
101 623 123 650 e
147 609 308 650 lectulo
333 619 376 650 et
407 609 610 648 diadema
640 611 844 660 protinus
872 623 993 649 suum
1024 609 1070 647 in
1099 606 1350 647 Ptolomaei

1 691 138 733 caput
157 676 407 738 transfert,
439 681 738 737 chlamydeque
759 685 1011 735 augustiore
1042 689 1085 721 et
1115 681 1239 732 regia
1268 680 1352 719 cir-

3 756 254 795 cumiectum
286 755 437 806 egredi
473 754 603 795 iubet.
666 757 770 795 Tum
805 756 878 795 ubi
910 754 1187 794 Ptolomaeus
1212 750 1258 783 (⁶)
1291 752 1352 791 ad

5 828 272 870 Candaulem
287 828 541 881 egreditur,
564 823 697 884 facit
717 830 778 868 ad
798 842 887 870 sese
914 828 1191 879 Antigonum
1223 826 1354 866 satel-

1 902 124 942 litem
146 903 353 942 9ocitare.
414 902 503 941 Pro
523 915 608 955 quo
628 903 856 953 Antigono
881 903 1081 953 cumipse
1100 899 1353 941 Alexander

2 974 257 1014 Ptolomaeo
274 987 320 1014 se
342 973 486 1013 veluti
516 974 750 1014 satellitem
781 975 1043 1026 optulisset,
1082 972 1146 1012 ibi
1181 973 1353 1026 inquit:

8 1047 174 1092 Cuncta
200 1046 303 1086 haec
327 1044 437 1085 mihi
458 1048 690 1087 comminus
710 1047 879 1094 dicito,
917 1055 1049 1099 atque
1067 1061 1094 1085 a
1116 1059 1180 1084 me
1212 1045 1354 1084 consi-

3 1119 110 1160 lium
132 1132 261 1172 super
286 1133 333 1158 re
355 1121 621 1172 quaeritato.
679 1123 755 1160 Ita
775 1129 824 1159 ut
838 1121 988 1159 doctus
1005 1127 1069 1159 est
1082 1119 1354 1157 Ptolomaeus

3 1193 209 1245 protinus
230 1187 378 1249 facit·
440 1187 529 1231 Sed
565 1194 713 1232 cuncti
753 1194 948 1233 videntes
981 1200 1025 1231 et
1062 1190 1355 1230 Ptolomaeum

4 1280 97 1307 cum
121 1266 365 1318 insignibus
387 1266 525 1317 regiis
549 1274 594 1304 et
612 1279 698 1316 pro
735 1265 929 1304 satellite
951 1264 1248 1303 Alexandrum
1279 1263 1357 1302 ad-

5 1341 182 1385 sistere,
215 1352 378 1378 summa
404 1339 704 1389 expectatione
722 1337 996 1390 pendebant,
1039 1346 1082 1376 et
1114 1338 1222 1390 quid
1252 1336 1356 1378 novi

8 1413 184 1453 consilii
205 1412 321 1464 regii
334 1405 400 1440 ἕω)
431 1411 628 1452 sedisset.

89 1482 163 1524 LI.
196 1485 397 1539 Namque
419 1494 467 1524 ut
489 1498 686 1536 egressus
706 1493 772 1524 est
792 1483 942 1523 habitu
954 1477 1247 1538 famulantis,
1258 1495 1359 1534 pro·
1405 1478 1575 1514 Alexan-

10 1559 128 1598 tinus
151 1557 457 1598 Ptolomaeus:
511 1558 677 1606 Cerne,
725 1558 891 1612 inquit,
944 1557 1196 1608 Antigone,
1249 1555 1360 1595 hunc
1377 1534 1578 1627 ἕζίαέειὶ·

13 1630 301 1672 Candaulem:
334 1632 373 1671 is
398 1631 613 1671 Candacis
651 1631 830 1683 reginae
860 1638 925 1670 est
943 1629 1098 1686 filius,
1137 1629 1215 1668 sed
1248 1630 1360 1668 enim
1377 1662 1454 1683 cum
1494 1607 1582 1686 ZZZ

9 1705 218 1746 iniuriam
240 1701 377 1761 deflet
395 1706 595 1757 coniugis
630 1712 788 1756 raptae
822 1717 902 1756 per
931 1702 1207 1750 insolentiam
1240 1704 1361 1755 regis
1378 1706 1528 1742 lomaeo.

9 1777 230 1832 Bebrycis·
289 1779 441 1818 Facies
466 1779 610 1830 igitur
634 1776 912 1830 obsequenter
933 1776 974 1814 si
993 1789 1068 1814 nos
1093 1775 1273 1814 consilio
1295 1777 1362 1814 iu-

10 1864 83 1890 ves
105 1850 375 1905 subiciasque
408 1851 565 1904 ecquid
592 1845 639 1879 (e)
670 1863 781 1888 nunc
809 1843 951 1904 facto
981 1861 1093 1899 opus
1132 1860 1220 1887 esse
1248 1847 1362 1887 arbi·

9 1930 140 1966 trere.
199 1925 272 1964 Ad
294 1924 398 1965 lzaec
417 1924 699 1966 Alexander.-
729 1921 933 1973 Dignum
953 1928 996 1959 te
1014 1932 1115 1959 sane
1138 1921 1242 1972 erit,
1265 1934 1361 1968 rex,

13 1999 104 2045 ait,
137 1998 178 2038 si
198 2007 368 2038 armato
403 1997 599 2037 exercitu
631 1996 839 2035 iniuriam
875 1992 1089 2045 supplicis
1123 1991 1361 2039 ulciscare,

18 2071 265 2125 eximasque
287 2072 378 2110 eius
401 2084 578 2110 uxorem
603 2063 652 2100 (f)
682 2071 799 2108 cuius
818 2067 957 2107 honor
977 2067 1114 2105 matri
1130 2065 1358 2122 proficiat.

16 2144 105 2184 His
134 2145 380 2195 conpertis,
426 2142 645 2184 Candauli
677 2141 900 2195 gaudium.
962 2139 1050 2178 Sed
1084 2139 1363 2179 Ptolomaeus

18 2215 79 2254 ad
113 2215 216 2256 haec
254 2217 508 2269 respondit.-
555 2216 703 2267 Ergo,
743 2215 913 2269 inquit,
953 2212 1207 2264 Antigone,
1247 2226 1363 2252 exse·

20 2302 148 2342 quere
172 2290 293 2329 istud
313 2291 430 2344 quod
447 2289 671 2328 subiecisti
701 2287 926 2328 consilium
964 2294 1096 2337 atque
1128 2287 1364 2326 exercitum

64 2429 118 2462 (a)
141 2427 225 2457 cod.
249 2426 441 2462 confideret.
476 2424 523 2461 (b)
549 2429 598 2456 lta
628 2427 703 2456 cod.
742 2429 811 2457 nisi
843 2428 952 2455 mavis
987 2422 1148 2455 accidere.
1195 2425 1244 2456 (c)
1277 2422 1363 2450 cod.

23 2479 160 2517 penitus
174 2496 184 2510 ,
204 2477 264 2505 aed
285 2479 372 2506 aliun
389 2475 466 2506 cod.
490 2475 714 2506 Ptolomaeus.
758 2478 812 2511 (d)
844 2480 896 2505 Ita
916 2476 994 2506 cod.
1030 2475 1098 2504 nisi
1138 2474 1243 2504 mavi·
1279 2472 1363 2511 regi.

23 2530 72 2562 (e)
98 2527 182 2557 cod.
202 2526 331 2567 etquid.
362 2527 406 2563 (f)
428 2527 511 2556 cod.
530 2535 592 2563 pro
614 2535 752 2556 uxorem
772 2526 876 2556 habet
897 2524 1153 2560 adinterfeceus.
