1752 3116
354 178 429 213 192
740 173 1093 214 ALEXANDRI
1121 172 1303 213 ACTVS

351 284 641 348 >,prudentia
675 286 921 348 potiores;
959 302 1090 330 nunc
1138 296 1302 330 tamen
1347 284 1569 349 intelligo
1622 284 1692 330 vi-

352 369 568 431 „deoque
602 386 662 415 ne
696 368 821 413 illud
855 367 1051 429 quidem
1085 366 1356 414 Alexandro
1391 367 1566 422 deesse,
1594 385 1692 430 quo

354 469 409 508 „a
454 451 597 499 nobis
654 456 830 497 Xerxes
881 451 1100 512 potuerit
1145 451 1372 512 superari.
1439 451 1698 497 Tredecim

353 534 540 589 „ferme
574 537 672 580 iam
707 551 911 580 numero
947 535 1049 579 eius
1097 534 1226 580 bella
1249 533 1297 565 (¹)
1332 533 1514 595 pariter
1547 545 1596 579 et
1630 534 1702 580 vi-

353 619 567 673 „ctoriae
602 628 944 669 numerantur,
992 617 1310 678 civitatesque
1354 616 1432 661 illi
1478 617 1701 662 innume-

354 718 486 760 ‚‚rae,
549 700 667 762 quin
728 701 883 745 immo
934 700 1216 761 provinciae
1263 715 1573 753 consensere:
1620 710 1705 744 aut

355 800 507 848 „quae
542 784 871 831 contumacius
906 796 1080 845 sponte
1113 782 1281 829 cedere
1313 767 1732 836 detrectaverint(

355 865 755 931 »subiugatae(‘²).
807 870 938 929 Quae
986 883 1132 928 quam
1176 866 1293 912 dant
1334 865 1530 911 consilii
1576 881 1707 911 sum-

356 947 626 1004 ‚,mam<²'>‘.2
663 966 724 995 an
759 950 854 995 nisi
888 961 943 995 ut
975 950 1191 1011 periculo
1239 947 1520 995 careamus?
1563 947 1707 995 Vide-

357 1033 505 1087 „licet
536 1034 678 1094 Tyrii
713 1032 944 1085 inbelles,
981 1045 1038 1077 ut
1073 1033 1141 1077 ait
1175 1032 1437 1085 Demades,
1486 1031 1624 1077 fuere
1659 1044 1709 1077 et

358 1114 572 1170 „idcirco
609 1116 832 1177 superati.
878 1116 961 1160 Illi
994 1127 1105 1161 sunt
1138 1116 1278 1175 Tyrii
1326 1115 1410 1175 qui
1458 1113 1713 1159 adversum

359 1200 592 1252 „classem
639 1198 949 1243 innumeram
994 1197 1142 1241 Xerxi
1186 1196 1599 1244 confidentissime
1642 1213 1713 1242 re-

359 1281 620 1335 „stiterunt
654 1291 798 1342 atque
834 1296 941 1325 eam
972 1277 1197 1341 deinceps
1217 1279 1548 1326 incenderunt.
1584 1282 1714 1324 Iner-

361 1394 381 1418 »
396 1381 524 1418 mes,
561 1363 745 1425 inquit,
781 1363 1017 1410 Thebani.
1067 1363 1211 1409 Illine
1241 1364 1326 1426 qui
1359 1380 1506 1410 omne
1540 1379 1714 1408 aevum

363 1462 691 1507 „omnemque
726 1457 934 1492 aetatem
969 1463 1107 1493 suam
1148 1464 1247 1494 non
1283 1448 1334 1492 in
1378 1446 1520 1492 bellis
1563 1445 1714 1493 modo

363 1545 568 1584 „verum
602 1529 655 1572 in
690 1528 910 1575 victoriis
944 1542 1367 1592 comsumpserunt
1389 1529 1437 1563 (θ)
1458 1527 1482 1574 ‘3

463 1616 589 1658 XVI.
644 1612 825 1665 „Addit
869 1613 1041 1666 etiam,
1087 1614 1467 1676 Peloponnesios
1510 1629 1613 1659 non
1658 1611 1716 1657 ab

365 1695 484 1750 „illo
520 1695 699 1749 victos,
736 1695 820 1741 sed
853 1695 982 1742 fame
1016 1698 1191 1759 lneque
1224 1709 1497 1760 superatos,
1547 1693 1720 1757 quibus

366 1777 600 1839 „quidem
635 1778 999 1839 Peloponnesiis
1031 1780 1364 1826 Alexandrum
1397 1779 1512 1826 satis
1534 1789 1722 1824 constat

367 1859 641 1915 „frumenta
677 1877 871 1923 quoque
913 1860 1246 1909 laborantibus
1294 1863 1545 1915 direxisse,
1597 1860 1717 1907 adeo

369 1955 455 1999 „ut
499 1944 744 2008 Antigono
791 1945 913 1992 duce
968 1946 1229 1992 Alexandri
1285 1949 1538 1995 resistente
1590 1944 1722 2008 quod

371 2027 533 2082 „hisce
566 2027 692 2073 vires
729 2039 777 2073 et
821 2029 1079 2076 alimonias
1127 2030 1411 2084 destinaret,
1459 2046 1570 2075 cum
1619 2027 1723 2089 qui-

372 2109 493 2166 „bus
528 2127 646 2157 mox
678 2110 807 2158 foret
842 2111 972 2159 bello
1021 2126 1069 2159 et
1101 2116 1301 2176 proeliis
1336 2109 1723 2162 decernendum,

375 2192 730 2247 „Alexandrum
765 2195 1067 2257 respondisse
1101 2198 1164 2242 sit
1197 2196 1466 2260 palan1<2):
1528 2197 1617 2247 Ut,
1655 2193 1726 2238 in·

408 2358 460 2392 (a)
485 2350 569 2387 Co'd.
591 2355 781 2398 subiugare.
822 2356 868 2393 (b)
894 2360 978 2389 Cod.
1004 2359 1135 2390 consilii
1158 2361 1221 2390 sui·
1262 2362 1305 2392 (c)
1329 2359 1409 2390 Cod.
1433 2363 1678 2388 comenserunt.

436 2482 497 2527 (1)
525 2485 664 2529 Nempe
694 2498 763 2532 pag
771 2498 848 2521 nae.

437 2540 496 2584 (2)
527 2542 665 2585 Nempe
696 2544 922 2576 notissimum.
