1752 3116
547 176 901 218 ALEXANDRI
1343 179 1364 217 3
1374 187 1390 218 1

45 305 216 339 notam
261 291 481 357 ignaviae
516 291 809 338 declinantes
854 308 998 354 quam
1039 291 1090 337 in
1125 309 1174 338 se
1217 293 1394 339 scirent

42 392 68 420 a
105 393 216 440 rege
250 377 491 438 supplicio
527 377 759 438 punitum
795 376 880 429 iri,
918 375 1003 421 ubi
1039 376 1097 421 de
1132 378 1394 422 Alexandri

46 458 254 504 adventu
290 475 576 520 conpetere,
613 458 741 520 apud
777 458 954 504 flumen
984 460 1239 513 Granicum
1279 477 1392 505 con-

40 558 203 606 greges
240 542 405 588 locant
440 555 615 590 castra:
655 543 787 605 quod
823 543 861 589 is
899 543 1129 588 Granicus
1166 543 1312 587 iclaei-
1338 543 1390 574 (¹)

41 625 344 672 conriviis(“)
378 644 548 688 repens
592 627 877 689 praecipitio
924 638 1158 672 montano
1198 626 1392 671 deceon-

36 707 151 754 dens
187 726 424 770 ruensque
469 710 659 771 impetu
692 713 949 773 plusquam
986 727 1156 774 agmen
1191 713 1385 757 navale:

39 791 137 853 qud
159 788 207 824 (ὅ)
253 805 443 855 sperato
492 795 679 861 segnius
736 806 932 841 venerat
978 811 1166 840 eminus
1192 797 1237 827 (ε)
1280 799 1388 840 Ma-

35 875 170 921 cedo.

134 964 237 1009 XX.
293 964 385 1006 Res
442 979 557 1008 vero
617 973 720 1007 erat
766 961 987 1008 Barbaris
1047 980 1135 1008 ceu
1186 977 1383 1015 secura,

35 1047 226 1092 Graecis
261 1046 431 1091 ardua:
471 1061 667 1090 amnem
703 1058 864 1091 tantae.
895 1046 1168 1091 latitudinis
1206 1058 1251 1091 et
1287 1058 1385 1091 tor-

32 1130 182 1175 rentis
227 1129 488 1192 profundi,
548 1127 765 1190 abruptis
811 1129 1060 1192 utrimque
1106 1130 1248 1191 rupis,
1305 1128 1386 1173 ad-

30 1230 223 1259 versum
258 1215 413 1259 aciem
450 1212 672 1263 evadere,
723 1229 842 1272 quae
876 1214 1139 1272 multiplici
1179 1227 1384 1256 numero

29 1296 265 1360 gregatim
321 1295 495 1357 sparsis
559 1292 828 1339 obsisteret.
907 1296 1241 1340 Nihilominus
1304 1295 1387 1341 ubi.

30 1397 141 1425 suos
178 1396 373 1441 quoque
405 1376 676 1423 Alexander
708 1378 843 1421 velut
873 1394 930 1422 ex
965 1379 1071 1438 pari
1107 1378 1386 1426 obviaturos

29 1462 117 1508 sub
165 1462 274 1507 luce
323 1460 603 1521 conposuit,
650 1461 897 1521 paulipser
929 1473 1169 1516 moratus,
1214 1462 1386 1508 itidem

1 1558 86 1591 ,ιη-
144 1545 325 1609 digesta
383 1544 506 1589 acies
561 1556 664 1590 erat
719 1543 910 1605 aequali
964 1544 1151 1601 fronte,
1204 1546 1386 1592 vadum

30 1629 251 1674 evincere
284 1628 469 1673 incitat.

129 1717 255 1758 XXI.
301 1717 373 1758 Ita
415 1729 488 1757 res
525 1710 645 1757 belli
688 1710 885 1758 audacia
929 1728 992 1758 ne
1033 1729 1092 1758 an
1129 1729 1246 1760 vero
1285 1712 1384 1759 for-

28 1797 144 1842 tuna
178 1798 286 1859 plus
322 1797 406 1843 sua
440 1809 708 1863 peragatur
743 1795 871 1840 haud
906 1797 1192 1857 pronunties
1224 1813 1384 1843 exem-

26 1881 110 1942 plo
167 1880 506 1941 praesentium.
576 1878 674 1924 Ubi
724 1879 846 1925 'ordo
902 1880 1083 1941 quippe
1137 1880 1263 1925 alvei
1307 1892 1384 1927 tot

29 1963 231 2009 milibus
268 1962 492 2009 obtentus
528 1963 746 2016 armatis,
794 1963 978 2008 incerta
1014 1962 1108 2008 soli
1142 1961 1382 2017 validitas,

61 2130 113 2161 (a)
134 2131 186 2157 Ita
211 2129 288 2157 cod.
315 2130 469 2159 conrioiis
492 2135 533 2158 ut
555 2137 616 2165 ego
638 2128 778 2165 quidem
802 2127 901 2162 lego,
927 2133 999 2154 non
1024 2126 1186 2155 conr-inus.
1224 2123 1272 2160 (b)
1298 2125 1382 2156 God.

29 2180 67 2209 in
90 2189 162 2220 quo.
200 2182 246 2212 (c)
269 2182 320 2208 Ita
345 2181 422 2208 cod.
447 2180 516 2209 nisi
542 2179 632 2208 forre
656 2184 708 2207 est
732 2176 978 2214 corrigendum
1005 2178 1184 2205 exercitus.

91 2324 148 2369 (1)
181 2323 268 2357 Cod.
296 2324 367 2365 ita,
396 2321 610 2358 Granicusa.
635 2322 747 2357 daeis.
791 2321 990 2354 Videbatur
1014 2328 1134 2353 autem
1157 2320 1381 2353 scribendum

33 2382 166 2420 idaeis,
199 2380 368 2426 quoniam
395 2380 573 2412 Homerus
598 2378 704 2412 Iliad.
729 2389 804 2412 xn-
832 2385 886 2410 21.
923 2377 1120 2411 Granicum
1150 2385 1307 2411 recenset
1342 2378 1381 2410 in

33 2438 150 2472 fluvijs
171 2437 231 2482 qui
258 2437 300 2470 ab
329 2434 429 2469 idaeis
455 2437 635 2470 montibus
655 2437 849 2481 profluunt.
907 2435 986 2467 Nisi
1011 2434 1087 2480 quis
1116 2435 1253 2467 mavult
1290 2434 1379 2467 scri-

29 2495 112 2529 bere
136 2493 372 2535 adrastiaeis‚
403 2493 690 2539 quandoquidem
712 2492 867 2525 Iustinus
897 2500 954 2524 XI.
983 2495 1015 2523 6.
1042 2491 1116 2524 ait:
1150 2491 1271 2524 Prima
1295 2502 1380 2524 con-

29 2552 167 2599 gressio
193 2550 423 2595 (Alexandri
456 2562 536 2582 eum
560 2548 702 2592 Persis)
738 2550 772 2580 in
796 2548 931 2591 campis
959 2547 1154 2581 Adraftiac
1166 2544 1258 2593 fuit.

1488 1748 1622 1782 Grani-

1401 1815 1482 1836 cum
1518 1826 1523 1829 -
1534 1820 1621 1852 upe-

1402 1869 1479 1893 rant
1540 1866 1618 1897 Ma-

1400 1917 1562 1952 cedones.
