1752 3116
343 191 364 224 2
374 192 391 223 1
399 188 423 224 f>
726 183 1078 225 ALEXANDRI
1113 184 1296 223 ACTVS

346 298 597 361 „praemio
634 297 718 361 qui
753 299 854 344 eius
890 297 1090 343 consilia
1125 297 1498 358 praeverterint,
1523 295 1608 358 'qui
1627 295 1678 326 (α)

345 399 535 434 „rursus
585 381 771 428 bellum
816 391 864 426 et
909 396 1034 426 nova
1087 380 1214 425 mihi
1255 379 1440 441 proelia
1483 377 1685 424 medita-

345 447 564 519 ‚‚batur«.

154 556 327 591 Interfec-
444 552 588 594 XLII.
637 546 714 596 Ad
746 548 840 593 hoc
875 544 1087 591 edictum
1131 545 1296 591 nfultis
1333 543 1532 605 quidem
1572 543 1688 590 fletu

113 615 327 704 Ξῖῖὶῃᾞῑῇἷ
343 648 417 676 res
452 630 595 694 digna
629 629 895 676 videbatur.
942 628 1034 674 Sed
1069 628 1201 674 enim
1234 631 1375 672 Besas
1396 639 1446 672 et
1463 626 1690 673 Ariobar-

113 683 276 762 Cium-lp
346 731 489 759 zanes
537 725 754 758 auctores
800 712 986 758 scilicet
1032 711 1188 757 caedis
1228 710 1367 756 Darii
1409 710 1685 756 Alexandro

347 814 448 844 sese
483 795 654 842 obvios
689 795 873 847 ferunt,
912 805 960 840 et
992 793 1198 856 professi
1242 793 1428 839 facinus
1471 794 1690 855 sponsio-
1747 792 1752 798 “

348 898 464 926 nem
499 881 703 940 praemii
737 889 974 941 repetunt.
1008 882 1145 923 Tunc
1164 876 1294 923 viros
1317 878 1540 938 protinus
1560 893 1694 923 com-

348 963 583 1026 prehendi
619 974 667 1008 et
702 979 847 1023 quam
883 960 1149 1007 editissimo
1185 960 1237 1004 in
1273 961 1385 1005 loco
1418 960 1550 1005 cruci
1580 959 1692 1005 sub·
1744 967 1752 973 ’

350 1045 433 1110 figi
465 1045 612 1090 iubet.
666 1044 809 1108 Quod
845 1061 959 1090 cum
1002 1056 1192 1105 praeter
1233 1060 1368 1104 spem
1411 1042 1695 1089 hominibus

351 1127 625 1181 accidisset,
661 1126 893 1189 patefecit
926 1125 1188 1189 exdignum
1209 1122 1255 1158 (ὖ)
1289 1142 1339 1171 se
1373 1143 1459 1172 suo
1495 1128 1696 1173 nomine

352 1211 672 1263 existimasse,
709 1208 871 1271 siquid
904 1208 964 1254 de
1008 1209 1136 1273 regia
1182 1208 1408 1255 libertate
1451 1209 1697 1256 subtraxe-

353 1295 444 1347 rit,
483 1293 601 1338 dum
635 1294 786 1339 Dario
820 1292 970 1339 modo
1005 1293 1130 1339 ultio
1161 1292 1320 1338 debita
1342 1305 1697 1354 procuraretur.

354 1382 526 1439 Neque
561 1389 723 1423 tamen
769 1377 900 1422 hisce
943 1376 1059 1438 ipsis
1104 1375 1163 1421 de
1205 1377 1422 1438 periurio
1467 1394 1517 1423 se
1561 1395 1699 1425 reum

357 1461 490 1514 fore,
527 1478 639 1507 cum
675 1458 906 1506 sublimes
942 1477 1023 1506 eos
1057 1460 1438 1523 notissimosque
1473 1461 1700 1509 omnibus

360 1544 468 1590 fore
504 1544 662 1589 edicto
696 1543 997 1605 promiserit,
1047 1559 1167 1604 quos
1214 1543 1412 1604 quidem
1454 1544 1600 1591 facile
1639 1547 1703 1593 sit

361 1628 515 1673 visere
550 1627 603 1671 in
637 1627 726 1672 illo
761 1637 983 1689 suggestu
1018 1624 1239 1671 crucibus
1263 1625 1526 1674 adfixos<¹>.
1563 1633 1702 1676 Tunc

361 1709 591 1757 omnibus
629 1721 677 1755 et
720 1709 878 1755 oratio
926 1709 1130 1771 placuit,
1176 1720 1224 1755 et
1265 1710 1388 1774 regis
1431 1709 1702 1777 benignitas

361 1793 660 1856 conprobata
695 1805 781 1844 est,

186 1898 342 1930 Lffiprae
459 1881 628 1923 XLIII.
674 1875 766 1922 Sed
800 1876 932 1922 hisce
975 1877 1142 1941 gestiS‚
1189 1889 1238 1924 et
1284 1895 1344 1925 ex
1387 1891 1504 1926 voto
1548 1885 1708 1927 Persa-

143 1954 476 2007 Ala-:andrifmn
510 1961 614 2005 illic
640 1972 824 2022 satrapa
863 1961 1151 2014 constituto,
1200 1962 1284 2024 qui
1328 1974 1525 2024 patruus
1556 1966 1706 2012 Dario

141 2011 346 2102 Tgmgsu
363 2044 534 2089 fuisset
559 2043 633 2096 (²),
671 2044 911 2090 eiusmodi
944 2045 1129 2089 litteras
1163 2045 1432 2091 Alexander
1467 2046 1527 2091 ad
1552 2051 1707 2112 Rogo·

412 2183 464 2214 (a)
484 2181 566 2208 Cod.
595 2180 717 2219 qwbus.
768 2178 813 2213 (b)
840 2182 889 2209 1ta
908 2179 981 2208 cod.
1006 2180 1075 2209 nisi
1096 2183 1204 2210 mavis
1227 2180 1324 2211 haud
1357 2181 1562 2221 indignum,
1590 2184 1644 2212 vel
1671 2176 1715 2213 αἱ

366 2230 540 2269 dignitate
561 2239 594 2258 se
616 2232 666 2259 sui
691 2231 844 2259 nominis.

431 2335 490 2386 (1)
526 2340 656 2373 Consvr
693 2340 808 2374 simile
844 2339 979 2374 facinus
1018 2340 1113 2386 apud
1135 2342 1354 2374 Frontonem
1391 2340 1434 2372 (le
1466 2339 1563 2374 bello
1593 2341 1712 2386 parell-

373 2409 407 2442 Γ.
441 2401 504 2430 326
524 2413 579 2419 —·
600 2402 676 2429 537.

433 2449 494 2500 (2)
526 2453 703 2486 Nimirum
738 2453 942 2487 Alexander
974 2454 1080 2486 oniam
1113 2454 1342 2497 Oxyathrum
1379 2453 1466 2496 (seu
1499 2454 1713 2500 Oxathren)

375 2510 476 2543 Darii
500 2509 644 2542 fratrem
681 2511 768 2543 inem-
800 2509 957 2555 ‹·‹›.·pm·is
987 2511 1150 2545 custodes
1190 2510 1396 2544 ads-viverat.
1428 2510 1523 2544 Vide
1547 2512 1712 2546 Curtium

376 2577 447 2600 vm.
474 2571 503 2601 5.
524 2567 724 2601 Diozlmuut
750 2578 849 2602 xvu.
875 2574 925 2601 7⁹.
