<?xml version="1.0" encoding="UTF-8"?>
<!DOCTYPE html PUBLIC "-//W3C//DTD XHTML 1.0 Transitional//EN"
    "http://www.w3.org/TR/xhtml1/DTD/xhtml1-transitional.dtd">
<html xmlns="http://www.w3.org/1999/xhtml" xml:lang="en" lang="en">
 <head>
  <title>
</title>
<meta http-equiv="Content-Type" content="text/html;charset=utf-8" />
  <meta name='ocr-system' content='tesseract 3.04.00' />
  <meta name='ocr-capabilities' content='ocr_page ocr_carea ocr_par ocr_line ocrx_word'/>
</head>
<body>
  <div class='ocr_page' id='page_1' title='image "./itinerariumalexa00maiauoft_0025.png"; bbox 0 0 1752 3116; ppageno 0'>
   <div class='ocr_carea' id='block_1_1' title="bbox 334 203 1388 248">
    <p class='ocr_par' dir='ltr' id='par_1_1' title="bbox 334 203 1388 248">
     <span class='ocr_line' id='line_1_1' title="bbox 334 203 1388 248; baseline -0.006 0"><span class='ocrx_word' id='word_1_1' title='bbox 334 208 455 248; x_wconf 84' lang='lat' dir='ltr'>1T1N</span> <span class='ocrx_word' id='word_1_2' title='bbox 457 205 726 248; x_wconf 82' lang='lat' dir='ltr'><strong>ERARIVM</strong></span> <span class='ocrx_word' id='word_1_3' title='bbox 756 203 1111 246; x_wconf 82' lang='lat' dir='ltr'><strong>ALEXANDRI</strong></span> <span class='ocrx_word' id='word_1_4' title='bbox 1340 208 1362 243; x_wconf 81' lang='lat'>2</span> <span class='ocrx_word' id='word_1_5' title='bbox 1371 211 1388 242; x_wconf 82' lang='lat'>1</span> 
     </span>
    </p>
   </div>
   <div class='ocr_carea' id='block_1_2' title="bbox 42 317 1393 888">
    <p class='ocr_par' dir='ltr' id='par_1_2' title="bbox 43 317 1390 553">
     <span class='ocr_line' id='line_1_2' title="bbox 47 317 1390 386; baseline -0.007 -15"><span class='ocrx_word' id='word_1_6' title='bbox 47 325 159 371; x_wconf 85' lang='lat' dir='ltr'><strong>bui:</strong></span> <span class='ocrx_word' id='word_1_7' title='bbox 207 322 435 386; x_wconf 78' lang='lat' dir='ltr'><strong>quodque</strong></span> <span class='ocrx_word' id='word_1_8' title='bbox 477 337 643 368; x_wconf 88' lang='lat' dir='ltr'><strong>meum</strong></span> <span class='ocrx_word' id='word_1_9' title='bbox 677 319 803 365; x_wconf 87' lang='lat' dir='ltr'><strong>velle</strong></span> <span class='ocrx_word' id='word_1_10' title='bbox 830 317 880 350; x_wconf 75' lang='lat'><strong>(¹)</strong></span> <span class='ocrx_word' id='word_1_11' title='bbox 917 320 1165 365; x_wconf 81' lang='lat' dir='ltr'><strong>enimvero</strong></span> <span class='ocrx_word' id='word_1_12' title='bbox 1207 317 1259 362; x_wconf 78' lang='lat' dir='ltr'><strong>id</strong></span> <span class='ocrx_word' id='word_1_13' title='bbox 1295 317 1390 363; x_wconf 83' lang='lat' dir='ltr'><strong>exi-</strong></span> 
     </span>
     <span class='ocr_line' id='line_1_3' title="bbox 47 402 1390 472; baseline -0.005 -20"><span class='ocrx_word' id='word_1_14' title='bbox 47 409 120 472; x_wconf 82' lang='lat' dir='ltr'><strong>git</strong></span> <span class='ocrx_word' id='word_1_15' title='bbox 147 410 198 439; x_wconf 62' lang='lat' dir='ltr'><strong>(a)</strong></span> <span class='ocrx_word' id='word_1_16' title='bbox 241 405 556 468; x_wconf 80' lang='lat' dir='ltr'><strong>suspensique</strong></span> <span class='ocrx_word' id='word_1_17' title='bbox 579 403 627 437; x_wconf 75' lang='lat'><strong>(²)</strong></span> <span class='ocrx_word' id='word_1_18' title='bbox 676 416 769 457; x_wconf 86' lang='lat' dir='ltr'><strong>est,</strong></span> <span class='ocrx_word' id='word_1_19' title='bbox 835 402 1061 465; x_wconf 81' lang='lat' dir='ltr'><strong>quodque</strong></span> <span class='ocrx_word' id='word_1_20' title='bbox 1121 402 1390 468; x_wconf 85' lang='lat' dir='ltr'><strong>regentium</strong></span> 
     </span>
     <span class='ocr_line' id='line_1_4' title="bbox 43 486 1070 553; baseline -0.006 -16"><span class='ocrx_word' id='word_1_21' title='bbox 43 507 272 553; x_wconf 80' lang='lat' dir='ltr'><strong>prospera</strong></span> <span class='ocrx_word' id='word_1_22' title='bbox 307 490 360 533; x_wconf 89' lang='lat' dir='ltr'><strong>in</strong></span> <span class='ocrx_word' id='word_1_23' title='bbox 397 495 587 551; x_wconf 85' lang='lat' dir='ltr'><strong>partem</strong></span> <span class='ocrx_word' id='word_1_24' title='bbox 621 486 842 533; x_wconf 84' lang='lat' dir='ltr'><strong>subditos</strong></span> <span class='ocrx_word' id='word_1_25' title='bbox 878 499 1070 533; x_wconf 84' lang='lat' dir='ltr'><strong>vocant.</strong></span> 
     </span>
    </p>

    <p class='ocr_par' dir='ltr' id='par_1_3' title="bbox 42 568 1393 888">
     <span class='ocr_line' id='line_1_5' title="bbox 145 568 1389 634; baseline -0.006 -15"><span class='ocrx_word' id='word_1_26' title='bbox 145 578 206 619; x_wconf 87' lang='grc' dir='ltr'><strong>ΙΙ.</strong></span> <span class='ocrx_word' id='word_1_27' title='bbox 242 579 310 619; x_wconf 87' lang='lat' dir='ltr'><strong>Ac</strong></span> <span class='ocrx_word' id='word_1_28' title='bbox 342 571 502 634; x_wconf 84' lang='lat' dir='ltr'>siquid</span> <span class='ocrx_word' id='word_1_29' title='bbox 536 588 592 617; x_wconf 81' lang='lat' dir='ltr'><strong>ex</strong></span> <span class='ocrx_word' id='word_1_30' title='bbox 639 588 694 617; x_wconf 94' lang='lat' dir='ltr'><strong>eo</strong></span> <span class='ocrx_word' id='word_1_31' title='bbox 731 572 938 617; x_wconf 86' lang='lat' dir='ltr'><strong>iuverim</strong></span> <span class='ocrx_word' id='word_1_32' title='bbox 971 572 1051 617; x_wconf 80' lang='lat' dir='ltr'><strong>vel</strong></span> <span class='ocrx_word' id='word_1_33' title='bbox 1085 568 1389 632; x_wconf 82' lang='lat' dir='ltr'><strong>praeiverim‚</strong></span> 
     </span>
     <span class='ocr_line' id='line_1_6' title="bbox 43 653 1391 714; baseline -0.004 -12"><span class='ocrx_word' id='word_1_34' title='bbox 43 657 206 703; x_wconf 85' lang='lat' dir='ltr'><strong>vicem</strong></span> <span class='ocrx_word' id='word_1_35' title='bbox 240 657 390 702; x_wconf 82' lang='lat' dir='ltr'><strong>sciam</strong></span> <span class='ocrx_word' id='word_1_36' title='bbox 424 657 476 701; x_wconf 89' lang='lat' dir='ltr'><strong>in</strong></span> <span class='ocrx_word' id='word_1_37' title='bbox 511 672 591 701; x_wconf 86' lang='lat' dir='ltr'><strong>me</strong></span> <span class='ocrx_word' id='word_1_38' title='bbox 634 655 783 700; x_wconf 85' lang='lat' dir='ltr'><strong>etiam</strong></span> <span class='ocrx_word' id='word_1_39' title='bbox 817 653 1219 701; x_wconf 81' lang='lat' dir='ltr'><strong>redundaturam:</strong></span> <span class='ocrx_word' id='word_1_40' title='bbox 1275 668 1391 714; x_wconf 87' lang='lat' dir='ltr'><strong>quo-</strong></span> 
     </span>
     <span class='ocr_line' id='line_1_7' title="bbox 42 736 1393 803; baseline -0.005 -17"><span class='ocrx_word' id='word_1_41' title='bbox 42 742 178 786; x_wconf 79' lang='lat' dir='ltr'><strong>niam</strong></span> <span class='ocrx_word' id='word_1_42' title='bbox 216 741 421 803; x_wconf 84' lang='lat' dir='ltr'><strong>quisque</strong></span> <span class='ocrx_word' id='word_1_43' title='bbox 462 738 748 786; x_wconf 84' lang='lat' dir='ltr'>mortalium</span> <span class='ocrx_word' id='word_1_44' title='bbox 782 739 887 784; x_wconf 82' lang='lat' dir='ltr'><strong>iure</strong></span> <span class='ocrx_word' id='word_1_45' title='bbox 929 749 1128 783; x_wconf 84' lang='lat' dir='ltr'><strong>naturae</strong></span> <span class='ocrx_word' id='word_1_46' title='bbox 1161 736 1213 781; x_wconf 91' lang='lat' dir='ltr'><strong>in</strong></span> <span class='ocrx_word' id='word_1_47' title='bbox 1249 752 1307 782; x_wconf 87' lang='lat' dir='ltr'><strong>eo</strong></span> <span class='ocrx_word' id='word_1_48' title='bbox 1343 751 1393 780; x_wconf 86' lang='lat' dir='ltr'><strong>se</strong></span> 
     </span>
     <span class='ocr_line' id='line_1_8' title="bbox 44 818 1392 888; baseline -0.004 -19"><span class='ocrx_word' id='word_1_49' title='bbox 44 826 157 887; x_wconf 80' lang='lat' dir='ltr'><strong>plus</strong></span> <span class='ocrx_word' id='word_1_50' title='bbox 195 823 383 888; x_wconf 78' lang='lat' dir='ltr'><strong>diligit,</strong></span> <span class='ocrx_word' id='word_1_51' title='bbox 430 839 456 868; x_wconf 84' lang='lat' dir='ltr'><strong>a</strong></span> <span class='ocrx_word' id='word_1_52' title='bbox 492 839 589 885; x_wconf 76' lang='lat' dir='ltr'><strong>quo</strong></span> <span class='ocrx_word' id='word_1_53' title='bbox 632 823 734 884; x_wconf 90' lang='lat' dir='ltr'><strong>ipse</strong></span> <span class='ocrx_word' id='word_1_54' title='bbox 770 821 1059 867; x_wconf 83' lang='lat' dir='ltr'><strong>defenditur.</strong></span> <span class='ocrx_word' id='word_1_55' title='bbox 1130 819 1224 868; x_wconf 75' lang='lat' dir='ltr'><strong>Sed</strong></span> <span class='ocrx_word' id='word_1_56' title='bbox 1259 818 1392 864; x_wconf 85' lang='lat' dir='ltr'><strong>enim</strong></span> 
     </span>
    </p>
   </div>
   <div class='ocr_carea' id='block_1_3' title="bbox 45 904 1392 970">
    <p class='ocr_par' dir='ltr' id='par_1_4' title="bbox 45 904 1392 970">
     <span class='ocr_line' id='line_1_9' title="bbox 45 904 1392 970; baseline -0.003 -19"><span class='ocrx_word' id='word_1_57' title='bbox 45 908 266 970; x_wconf 80' lang='lat' dir='ltr'><strong>quamvis</strong></span> <span class='ocrx_word' id='word_1_58' title='bbox 309 907 552 952; x_wconf 72' lang='lat' dir='ltr'><strong>factorum</strong></span> <span class='ocrx_word' id='word_1_59' title='bbox 598 905 900 970; x_wconf 80' lang='lat' dir='ltr'><strong>egregiorum</strong></span> <span class='ocrx_word' id='word_1_60' title='bbox 945 906 1088 966; x_wconf 85' lang='lat' dir='ltr'><strong>inops</strong></span> <span class='ocrx_word' id='word_1_61' title='bbox 1124 904 1288 969; x_wconf 80' lang='lat' dir='ltr'><strong>lingua</strong></span> <span class='ocrx_word' id='word_1_62' title='bbox 1324 915 1392 948; x_wconf 85' lang='lat' dir='ltr'><strong>te-</strong></span> 
     </span>
    </p>
   </div>
   <div class='ocr_carea' id='block_1_4' title="bbox 36 983 1392 1468">
    <p class='ocr_par' dir='ltr' id='par_1_5' title="bbox 36 983 1392 1468">
     <span class='ocr_line' id='line_1_10' title="bbox 41 983 1390 1055; baseline -0.003 -19"><span class='ocrx_word' id='word_1_63' title='bbox 41 991 127 1036; x_wconf 79' lang='lat' dir='ltr'><strong>stis</strong></span> <span class='ocrx_word' id='word_1_64' title='bbox 164 990 418 1055; x_wconf 84' lang='lat' dir='ltr'><strong>ignobilis,</strong></span> <span class='ocrx_word' id='word_1_65' title='bbox 468 1006 554 1054; x_wconf 87' lang='lat' dir='ltr'><strong>ego</strong></span> <span class='ocrx_word' id='word_1_66' title='bbox 591 1001 754 1035; x_wconf 85' lang='lat' dir='ltr'><strong>tamen</strong></span> <span class='ocrx_word' id='word_1_67' title='bbox 792 988 1017 1034; x_wconf 84' lang='lat' dir='ltr'>audacter</span> <span class='ocrx_word' id='word_1_68' title='bbox 1052 989 1321 1034; x_wconf 80' lang='lat' dir='ltr'><strong>innumeris</strong></span> <span class='ocrx_word' id='word_1_69' title='bbox 1345 983 1390 1017; x_wconf 64' lang='lat' dir='ltr'><strong>(b)</strong></span> 
     </span>
     <span class='ocr_line' id='line_1_11' title="bbox 38 1069 1392 1134; baseline -0.004 -15"><span class='ocrx_word' id='word_1_70' title='bbox 38 1073 214 1128; x_wconf 85' lang='lat' dir='ltr'><strong>subeo,</strong></span> <span class='ocrx_word' id='word_1_71' title='bbox 262 1091 364 1121; x_wconf 86' lang='lat' dir='ltr'><strong>non</strong></span> <span class='ocrx_word' id='word_1_72' title='bbox 407 1073 530 1119; x_wconf 88' lang='lat' dir='ltr'><strong>meis</strong></span> <span class='ocrx_word' id='word_1_73' title='bbox 573 1071 726 1118; x_wconf 85' lang='lat' dir='ltr'><strong>fretus</strong></span> <span class='ocrx_word' id='word_1_74' title='bbox 770 1089 940 1118; x_wconf 81' lang='lat' dir='ltr'><strong>verum</strong></span> <span class='ocrx_word' id='word_1_75' title='bbox 986 1072 1173 1118; x_wconf 80' lang='lat' dir='ltr'><strong>externi</strong></span> <span class='ocrx_word' id='word_1_76' title='bbox 1208 1069 1392 1134; x_wconf 81' lang='lat' dir='ltr'><strong>ingenii</strong></span> 
     </span>
     <span class='ocr_line' id='line_1_12' title="bbox 37 1155 1389 1220; baseline -0.004 -17"><span class='ocrx_word' id='word_1_77' title='bbox 37 1157 236 1204; x_wconf 82' lang='lat' dir='ltr'><strong>viribus.</strong></span> <span class='ocrx_word' id='word_1_78' title='bbox 304 1161 411 1207; x_wconf 81' lang='lat' dir='ltr'><strong>Nec</strong></span> <span class='ocrx_word' id='word_1_79' title='bbox 437 1159 497 1204; x_wconf 84' lang='lat' dir='ltr'><strong>de</strong></span> <span class='ocrx_word' id='word_1_80' title='bbox 520 1157 804 1220; x_wconf 82' lang='lat' dir='ltr'><strong>loquacium</strong></span> <span class='ocrx_word' id='word_1_81' title='bbox 838 1173 1043 1201; x_wconf 89' lang='lat' dir='ltr'><strong>numero</strong></span> <span class='ocrx_word' id='word_1_82' title='bbox 1074 1155 1252 1199; x_wconf 76' lang='lat' dir='ltr'><strong>vilibus</strong></span> <span class='ocrx_word' id='word_1_83' title='bbox 1276 1170 1389 1198; x_wconf 84' lang='lat' dir='ltr'><strong>usus</strong></span> 
     </span>
     <span class='ocr_line' id='line_1_13' title="bbox 38 1238 1389 1301; baseline -0.006 -14"><span class='ocrx_word' id='word_1_84' title='bbox 38 1241 340 1293; x_wconf 82' lang='lat' dir='ltr'><strong>auctoribus,</strong></span> <span class='ocrx_word' id='word_1_85' title='bbox 378 1241 460 1286; x_wconf 80' lang='lat' dir='ltr'><strong>sed</strong></span> <span class='ocrx_word' id='word_1_86' title='bbox 488 1258 606 1301; x_wconf 87' lang='lat' dir='ltr'><strong>quos</strong></span> <span class='ocrx_word' id='word_1_87' title='bbox 629 1239 744 1284; x_wconf 82' lang='lat' dir='ltr'><strong>fidei</strong></span> <span class='ocrx_word' id='word_1_88' title='bbox 769 1238 1088 1283; x_wconf 75' lang='lat' dir='ltr'><strong>amicissimos</strong></span> <span class='ocrx_word' id='word_1_89' title='bbox 1118 1249 1252 1281; x_wconf 81' lang='lat' dir='ltr'><strong>vetus</strong></span> <span class='ocrx_word' id='word_1_90' title='bbox 1281 1253 1389 1281; x_wconf 87' lang='lat' dir='ltr'><strong>cen-</strong></span> 
     </span>
     <span class='ocr_line' id='line_1_14' title="bbox 36 1320 1391 1386; baseline -0.004 -16"><span class='ocrx_word' id='word_1_91' title='bbox 36 1341 144 1370; x_wconf 85' lang='lat' dir='ltr'>sura</span> <span class='ocrx_word' id='word_1_92' title='bbox 179 1324 564 1386; x_wconf 75' lang='lat' dir='ltr'><strong>pronunciat&lt;⁵)‚</strong></span> <span class='ocrx_word' id='word_1_93' title='bbox 603 1339 819 1384; x_wconf 84' lang='lat' dir='ltr'><strong>quosque</strong></span> <span class='ocrx_word' id='word_1_94' title='bbox 853 1322 963 1367; x_wconf 87' lang='lat' dir='ltr'><strong>istic</strong></span> <span class='ocrx_word' id='word_1_95' title='bbox 993 1338 1084 1382; x_wconf 86' lang='lat' dir='ltr'><strong>qua</strong></span> <span class='ocrx_word' id='word_1_96' title='bbox 1121 1321 1262 1383; x_wconf 87' lang='lat' dir='ltr'><strong>potui</strong></span> <span class='ocrx_word' id='word_1_97' title='bbox 1298 1320 1391 1366; x_wconf 89' lang='lat' dir='ltr'><strong>tibi</strong></span> 
     </span>
     <span class='ocr_line' id='line_1_15' title="bbox 37 1404 1389 1468; baseline -0.004 -12"><span class='ocrx_word' id='word_1_98' title='bbox 37 1409 319 1456; x_wconf 87' lang='lat' dir='ltr'><strong>circumcisa</strong></span> <span class='ocrx_word' id='word_1_99' title='bbox 377 1409 489 1454; x_wconf 80' lang='lat' dir='ltr'><strong>satis</strong></span> <span class='ocrx_word' id='word_1_100' title='bbox 549 1407 831 1453; x_wconf 79' lang='lat' dir='ltr'><strong>curiositate</strong></span> <span class='ocrx_word' id='word_1_101' title='bbox 891 1404 1094 1468; x_wconf 83' lang='lat' dir='ltr'><strong>collegi:</strong></span> <span class='ocrx_word' id='word_1_102' title='bbox 1167 1404 1389 1451; x_wconf 78' lang='lat' dir='ltr'><strong>adhibito</strong></span> 
     </span>
    </p>
   </div>
   <div class='ocr_carea' id='block_1_5' title="bbox 33 1565 1385 1660">
    <p class='ocr_par' dir='ltr' id='par_1_6' title="bbox 33 1565 1385 1660">
     <span class='ocr_line' id='line_1_16' title="bbox 67 1565 1385 1619; baseline -0.004 -10"><span class='ocrx_word' id='word_1_103' title='bbox 67 1580 119 1613; x_wconf 82' lang='lat' dir='ltr'><strong>(a)</strong></span> <span class='ocrx_word' id='word_1_104' title='bbox 143 1579 262 1608; x_wconf 79' lang='lat' dir='ltr'><strong>codex</strong></span> <span class='ocrx_word' id='word_1_105' title='bbox 290 1579 443 1619; x_wconf 79' lang='lat' dir='ltr'><strong>quodque</strong></span> <span class='ocrx_word' id='word_1_106' title='bbox 473 1578 510 1610; x_wconf 83' lang='lat' dir='ltr'><strong>id</strong></span> <span class='ocrx_word' id='word_1_107' title='bbox 538 1565 608 1610; x_wconf 60' lang='lat' dir='ltr'><strong>m-in</strong></span> <span class='ocrx_word' id='word_1_108' title='bbox 639 1578 723 1610; x_wconf 78' lang='lat' dir='ltr'><strong>velle</strong></span> <span class='ocrx_word' id='word_1_109' title='bbox 744 1579 835 1610; x_wconf 80' lang='lat' dir='ltr'><strong>enim</strong></span> <span class='ocrx_word' id='word_1_110' title='bbox 864 1577 902 1607; x_wconf 80' lang='lat' dir='ltr'><strong>id</strong></span> <span class='ocrx_word' id='word_1_111' title='bbox 934 1584 968 1607; x_wconf 76' lang='lat' dir='ltr'><strong>ee</strong></span> <span class='ocrx_word' id='word_1_112' title='bbox 994 1576 1116 1616; x_wconf 77' lang='lat' dir='ltr'><strong>exigit.</strong></span> <span class='ocrx_word' id='word_1_113' title='bbox 1164 1573 1212 1610; x_wconf 86' lang='lat' dir='ltr'><strong>(b)</strong></span> <span class='ocrx_word' id='word_1_114' title='bbox 1236 1577 1289 1605; x_wconf 74' lang='lat' dir='ltr'><strong>Ita</strong></span> <span class='ocrx_word' id='word_1_115' title='bbox 1312 1574 1385 1605; x_wconf 85' lang='lat' dir='ltr'><strong>cod.</strong></span> 
     </span>
     <span class='ocr_line' id='line_1_17' title="bbox 33 1629 410 1660; baseline -0.003 -1"><span class='ocrx_word' id='word_1_116' title='bbox 33 1630 102 1660; x_wconf 72' lang='lat' dir='ltr'><strong>nisi.</strong></span> <span class='ocrx_word' id='word_1_117' title='bbox 119 1631 226 1659; x_wconf 77' lang='lat' dir='ltr'><strong>mavis</strong></span> <span class='ocrx_word' id='word_1_118' title='bbox 247 1629 410 1659; x_wconf 78' lang='lat' dir='ltr'><strong>humeris.</strong></span> 
     </span>
    </p>
   </div>
   <div class='ocr_carea' id='block_1_6' title="bbox 916 1725 971 1734">
    <p class='ocr_par' dir='ltr' id='par_1_7' title="bbox 916 1725 971 1734">
     <span class='ocr_line' id='line_1_18' title="bbox 916 1725 971 1734; baseline 0 -1"><span class='ocrx_word' id='word_1_119' title='bbox 916 1725 971 1734; x_wconf 75' lang='grc'>...-</span> 
     </span>
    </p>
   </div>
   <div class='ocr_carea' id='block_1_7' title="bbox 30 1793 1386 2636">
    <p class='ocr_par' dir='ltr' id='par_1_8' title="bbox 33 1793 1386 2009">
     <span class='ocr_line' id='line_1_19' title="bbox 90 1793 1383 1839; baseline 0 -13"><span class='ocrx_word' id='word_1_120' title='bbox 90 1793 151 1839; x_wconf 85' lang='grc'><strong>(1)</strong></span> <span class='ocrx_word' id='word_1_121' title='bbox 187 1793 292 1828; x_wconf 75' lang='lat' dir='ltr'><strong>Velle</strong></span> <span class='ocrx_word' id='word_1_122' title='bbox 329 1794 407 1826; x_wconf 90' lang='lat' dir='ltr'><strong>loco</strong></span> <span class='ocrx_word' id='word_1_123' title='bbox 446 1804 550 1839; x_wconf 79' lang='lat' dir='ltr'><strong>saepe</strong></span> <span class='ocrx_word' id='word_1_124' title='bbox 578 1794 791 1827; x_wconf 82' lang='lat' dir='ltr'><strong>substantivi</strong></span> <span class='ocrx_word' id='word_1_125' title='bbox 832 1794 988 1828; x_wconf 85' lang='lat' dir='ltr'><strong>nominis</strong></span> <span class='ocrx_word' id='word_1_126' title='bbox 1030 1795 1219 1828; x_wconf 76' lang='lat' dir='ltr'><strong>adhibetur</strong></span> <span class='ocrx_word' id='word_1_127' title='bbox 1260 1793 1383 1827; x_wconf 80' lang='lat' dir='ltr'><strong>addito</strong></span> 
     </span>
     <span class='ocr_line' id='line_1_20' title="bbox 34 1850 1383 1898; baseline -0.002 -13"><span class='ocrx_word' id='word_1_128' title='bbox 34 1851 235 1898; x_wconf 84' lang='lat' dir='ltr'><strong>possessivo</strong></span> <span class='ocrx_word' id='word_1_129' title='bbox 266 1850 360 1896; x_wconf 86' lang='lat' dir='ltr'><strong>apud</strong></span> <span class='ocrx_word' id='word_1_130' title='bbox 393 1850 565 1896; x_wconf 82' lang='lat' dir='ltr'><strong>sequioris</strong></span> <span class='ocrx_word' id='word_1_131' title='bbox 592 1852 804 1896; x_wconf 82' lang='lat' dir='ltr'><strong>praesertim</strong></span> <span class='ocrx_word' id='word_1_132' title='bbox 835 1851 913 1885; x_wconf 75' lang='lat' dir='ltr'><strong>aevi</strong></span> <span class='ocrx_word' id='word_1_133' title='bbox 945 1851 1147 1897; x_wconf 79' lang='lat' dir='ltr'><strong>scriptores.</strong></span> <span class='ocrx_word' id='word_1_134' title='bbox 1188 1852 1278 1885; x_wconf 79' lang='lat' dir='ltr'><strong>Sane</strong></span> <span class='ocrx_word' id='word_1_135' title='bbox 1305 1851 1383 1883; x_wconf 85' lang='lat' dir='ltr'><strong>Au-</strong></span> 
     </span>
     <span class='ocr_line' id='line_1_21' title="bbox 34 1904 1386 1954; baseline -0.002 -13"><span class='ocrx_word' id='word_1_136' title='bbox 34 1908 197 1954; x_wconf 84' lang='lat' dir='ltr'><strong>gustinus</strong></span> <span class='ocrx_word' id='word_1_137' title='bbox 249 1907 293 1940; x_wconf 82' lang='lat' dir='ltr'><strong>de</strong></span> <span class='ocrx_word' id='word_1_138' title='bbox 328 1907 458 1940; x_wconf 69' lang='lat' dir='ltr'><strong>divers.</strong></span> <span class='ocrx_word' id='word_1_139' title='bbox 494 1916 626 1953; x_wconf 80' lang='lat' dir='ltr'><strong>quaest.</strong></span> <span class='ocrx_word' id='word_1_140' title='bbox 661 1907 710 1940; x_wconf 74' lang='lat' dir='ltr'><strong>ad</strong></span> <span class='ocrx_word' id='word_1_141' title='bbox 746 1907 976 1954; x_wconf 71' lang='lat' dir='ltr'><strong>Simplicium</strong></span> <span class='ocrx_word' id='word_1_142' title='bbox 1000 1910 1029 1942; x_wconf 91' lang='grc' dir='ltr'><strong>Ι.</strong></span> <span class='ocrx_word' id='word_1_143' title='bbox 1066 1914 1120 1942; x_wconf 87' lang='grc'><strong>10.</strong></span> <span class='ocrx_word' id='word_1_144' title='bbox 1161 1907 1237 1941; x_wconf 85' lang='lat' dir='ltr'><strong>ait:</strong></span> <span class='ocrx_word' id='word_1_145' title='bbox 1279 1904 1386 1940; x_wconf 81' lang='lat' dir='ltr'><strong>Nihil</strong></span> 
     </span>
     <span class='ocr_line' id='line_1_22' title="bbox 33 1962 1212 2009; baseline -0.003 -10"><span class='ocrx_word' id='word_1_146' title='bbox 33 1964 134 1999; x_wconf 76' lang='lat' dir='ltr'><strong>valet</strong></span> <span class='ocrx_word' id='word_1_147' title='bbox 164 1962 259 1998; x_wconf 72' lang='lat' dir='ltr'><strong>velle</strong></span> <span class='ocrx_word' id='word_1_148' title='bbox 289 1973 470 2005; x_wconf 76' lang='lat' dir='ltr'><strong>nostrum,</strong></span> <span class='ocrx_word' id='word_1_149' title='bbox 506 1965 573 1996; x_wconf 79' lang='lat' dir='ltr'><strong>nisi</strong></span> <span class='ocrx_word' id='word_1_150' title='bbox 605 1973 642 1996; x_wconf 81' lang='lat' dir='ltr'><strong>ut</strong></span> <span class='ocrx_word' id='word_1_151' title='bbox 670 1964 895 2009; x_wconf 76' lang='lat' dir='ltr'><strong>perficiamus</strong></span> <span class='ocrx_word' id='word_1_152' title='bbox 925 1964 1073 1998; x_wconf 79' lang='lat' dir='ltr'><strong>adiuvet</strong></span> <span class='ocrx_word' id='word_1_153' title='bbox 1103 1965 1212 1998; x_wconf 77' lang='lat' dir='ltr'><strong>Deus.</strong></span> 
     </span>
    </p>

    <p class='ocr_par' dir='ltr' id='par_1_9' title="bbox 30 2019 1383 2238">
     <span class='ocr_line' id='line_1_23' title="bbox 91 2019 1383 2067; baseline -0.002 -13"><span class='ocrx_word' id='word_1_154' title='bbox 91 2021 149 2066; x_wconf 78' lang='lat'><strong>(2)</strong></span> <span class='ocrx_word' id='word_1_155' title='bbox 189 2022 327 2067; x_wconf 85' lang='lat' dir='ltr'><strong>Nempe</strong></span> <span class='ocrx_word' id='word_1_156' title='bbox 351 2021 456 2054; x_wconf 79' lang='lat' dir='ltr'><strong>otiosi</strong></span> <span class='ocrx_word' id='word_1_157' title='bbox 482 2030 516 2054; x_wconf 78' lang='lat' dir='ltr'><strong>ec</strong></span> <span class='ocrx_word' id='word_1_158' title='bbox 542 2034 564 2053; x_wconf 89' lang='lat' dir='ltr'><strong>a</strong></span> <span class='ocrx_word' id='word_1_159' title='bbox 590 2020 742 2065; x_wconf 80' lang='lat' dir='ltr'><strong>publicis</strong></span> <span class='ocrx_word' id='word_1_160' title='bbox 765 2020 966 2055; x_wconf 78' lang='lat' dir='ltr'><strong>muneribus</strong></span> <span class='ocrx_word' id='word_1_161' title='bbox 992 2023 1162 2055; x_wconf 79' lang='lat' dir='ltr'><strong>vacantis.</strong></span> <span class='ocrx_word' id='word_1_162' title='bbox 1194 2021 1251 2056; x_wconf 83' lang='lat' dir='ltr'><strong>Sic</strong></span> <span class='ocrx_word' id='word_1_163' title='bbox 1289 2019 1383 2065; x_wconf 82' lang='lat' dir='ltr'><strong>apud</strong></span> 
     </span>
     <span class='ocr_line' id='line_1_24' title="bbox 34 2075 1382 2125; baseline -0.004 -12"><span class='ocrx_word' id='word_1_164' title='bbox 34 2078 268 2113; x_wconf 83' lang='lat' dir='ltr'><strong>Ammianum</strong></span> <span class='ocrx_word' id='word_1_165' title='bbox 291 2078 541 2113; x_wconf 86' lang='lat' dir='ltr'><strong>Marcellinum</strong></span> <span class='ocrx_word' id='word_1_166' title='bbox 572 2088 658 2111; x_wconf 69' lang='lat' dir='ltr'><strong>XIV.</strong></span> <span class='ocrx_word' id='word_1_167' title='bbox 687 2082 719 2110; x_wconf 85' lang='lat'><strong>6.</strong></span> <span class='ocrx_word' id='word_1_168' title='bbox 761 2078 912 2124; x_wconf 75' lang='lat' dir='ltr'><strong>legimus</strong></span> <span class='ocrx_word' id='word_1_169' title='bbox 953 2080 1179 2125; x_wconf 77' lang='lat' dir='ltr'><strong>praepositos</strong></span> <span class='ocrx_word' id='word_1_170' title='bbox 1211 2075 1382 2123; x_wconf 71' lang='lat' dir='ltr'><strong>familiae</strong></span> 
     </span>
     <span class='ocr_line' id='line_1_25' title="bbox 30 2132 1382 2182; baseline -0.001 -14"><span class='ocrx_word' id='word_1_171' title='bbox 30 2147 244 2181; x_wconf 72' lang='lat' dir='ltr'><strong>suspensae,</strong></span> <span class='ocrx_word' id='word_1_172' title='bbox 275 2132 408 2169; x_wconf 86' lang='lat' dir='ltr'><strong>scilicet</strong></span> <span class='ocrx_word' id='word_1_173' title='bbox 433 2136 566 2169; x_wconf 78' lang='lat' dir='ltr'><strong>otiosae</strong></span> <span class='ocrx_word' id='word_1_174' title='bbox 593 2144 628 2168; x_wconf 85' lang='lat' dir='ltr'><strong>et</strong></span> <span class='ocrx_word' id='word_1_175' title='bbox 654 2134 699 2168; x_wconf 76' lang='lat' dir='ltr'><strong>ab</strong></span> <span class='ocrx_word' id='word_1_176' title='bbox 723 2147 833 2182; x_wconf 81' lang='lat' dir='ltr'><strong>opera</strong></span> <span class='ocrx_word' id='word_1_177' title='bbox 857 2137 1012 2169; x_wconf 73' lang='lat' dir='ltr'><strong>vacanti.</strong></span> <span class='ocrx_word' id='word_1_178' title='bbox 1054 2135 1198 2169; x_wconf 83' lang='lat' dir='ltr'><strong>Confer.</strong></span> <span class='ocrx_word' id='word_1_179' title='bbox 1232 2134 1382 2169; x_wconf 86' lang='lat' dir='ltr'><strong>inferius</strong></span> 
     </span>
     <span class='ocr_line' id='line_1_26' title="bbox 31 2191 361 2238; baseline -0.003 -13"><span class='ocrx_word' id='word_1_180' title='bbox 31 2204 107 2238; x_wconf 83' lang='lat' dir='ltr'><strong>cap.</strong></span> <span class='ocrx_word' id='word_1_181' title='bbox 134 2201 190 2226; x_wconf 65' lang='lat' dir='ltr'><strong>VI.</strong></span> <span class='ocrx_word' id='word_1_182' title='bbox 216 2191 253 2224; x_wconf 89' lang='lat' dir='ltr'><strong>in</strong></span> <span class='ocrx_word' id='word_1_183' title='bbox 278 2191 361 2226; x_wconf 87' lang='lat' dir='ltr'><strong>fine.</strong></span> 
     </span>
    </p>

    <p class='ocr_par' dir='ltr' id='par_1_10' title="bbox 31 2245 1382 2636">
     <span class='ocr_line' id='line_1_27' title="bbox 92 2245 1382 2296; baseline -0.003 -12"><span class='ocrx_word' id='word_1_184' title='bbox 92 2245 155 2293; x_wconf 84' lang='grc'><strong>(3)</strong></span> <span class='ocrx_word' id='word_1_185' title='bbox 189 2250 286 2282; x_wconf 83' lang='lat' dir='ltr'><strong>Inter</strong></span> <span class='ocrx_word' id='word_1_186' title='bbox 326 2249 516 2283; x_wconf 83' lang='lat' dir='ltr'><strong>historicos</strong></span> <span class='ocrx_word' id='word_1_187' title='bbox 549 2249 748 2283; x_wconf 82' lang='lat' dir='ltr'><strong>Alexandri</strong></span> <span class='ocrx_word' id='word_1_188' title='bbox 789 2250 989 2296; x_wconf 87' lang='lat' dir='ltr'><strong>principem</strong></span> <span class='ocrx_word' id='word_1_189' title='bbox 1021 2248 1097 2282; x_wconf 82' lang='lat' dir='ltr'><strong>sine</strong></span> <span class='ocrx_word' id='word_1_190' title='bbox 1138 2247 1382 2283; x_wconf 79' lang='lat' dir='ltr'><strong>controversia</strong></span> 
     </span>
     <span class='ocr_line' id='line_1_28' title="bbox 32 2305 1381 2353; baseline -0.001 -15"><span class='ocrx_word' id='word_1_191' title='bbox 32 2306 152 2338; x_wconf 87' lang='lat' dir='ltr'><strong>locum</strong></span> <span class='ocrx_word' id='word_1_192' title='bbox 179 2313 277 2338; x_wconf 88' lang='lat' dir='ltr'><strong>tenet</strong></span> <span class='ocrx_word' id='word_1_193' title='bbox 303 2306 499 2347; x_wconf 77' lang='lat' dir='ltr'><strong>Arrianus,</strong></span> <span class='ocrx_word' id='word_1_194' title='bbox 549 2306 650 2353; x_wconf 83' lang='lat' dir='ltr'><strong>isque</strong></span> <span class='ocrx_word' id='word_1_195' title='bbox 683 2315 822 2340; x_wconf 83' lang='lat' dir='ltr'><strong>tantum</strong></span> <span class='ocrx_word' id='word_1_196' title='bbox 845 2307 922 2340; x_wconf 79' lang='lat' dir='ltr'><strong>veri</strong></span> <span class='ocrx_word' id='word_1_197' title='bbox 943 2305 1102 2339; x_wconf 86' lang='lat' dir='ltr'><strong>studium</strong></span> <span class='ocrx_word' id='word_1_198' title='bbox 1127 2318 1211 2351; x_wconf 79' lang='lat' dir='ltr'><strong>prae</strong></span> <span class='ocrx_word' id='word_1_199' title='bbox 1240 2317 1276 2338; x_wconf 84' lang='lat' dir='ltr'><strong>se</strong></span> <span class='ocrx_word' id='word_1_200' title='bbox 1299 2305 1381 2345; x_wconf 75' lang='lat' dir='ltr'><strong>fert,</strong></span> 
     </span>
     <span class='ocr_line' id='line_1_29' title="bbox 33 2361 1382 2408; baseline -0.001 -13"><span class='ocrx_word' id='word_1_201' title='bbox 33 2370 72 2395; x_wconf 85' lang='lat' dir='ltr'><strong>ut</strong></span> <span class='ocrx_word' id='word_1_202' title='bbox 104 2361 319 2408; x_wconf 65' lang='grc' dir='ltr'><strong>φιλαλῆἑευς</strong></span> <span class='ocrx_word' id='word_1_203' title='bbox 346 2375 474 2396; x_wconf 85' lang='lat' dir='ltr'><strong>nomen</strong></span> <span class='ocrx_word' id='word_1_204' title='bbox 503 2362 619 2396; x_wconf 84' lang='lat' dir='ltr'><strong>eidem</strong></span> <span class='ocrx_word' id='word_1_205' title='bbox 643 2364 852 2397; x_wconf 78' lang='lat' dir='ltr'><strong>adhaeserit.</strong></span> <span class='ocrx_word' id='word_1_206' title='bbox 907 2365 1069 2397; x_wconf 78' lang='lat' dir='ltr'><strong>Iamvero</strong></span> <span class='ocrx_word' id='word_1_207' title='bbox 1092 2362 1244 2396; x_wconf 89' lang='lat' dir='ltr'><strong>latinum</strong></span> <span class='ocrx_word' id='word_1_208' title='bbox 1268 2362 1382 2396; x_wconf 84' lang='lat' dir='ltr'><strong>Itine-</strong></span> 
     </span>
     <span class='ocr_line' id='line_1_30' title="bbox 31 2418 1382 2466; baseline -0.001 -14"><span class='ocrx_word' id='word_1_209' title='bbox 31 2419 167 2454; x_wconf 77' lang='lat' dir='ltr'><strong>tarium</strong></span> <span class='ocrx_word' id='word_1_210' title='bbox 202 2432 282 2453; x_wconf 89' lang='lat' dir='ltr'><strong>cum</strong></span> <span class='ocrx_word' id='word_1_211' title='bbox 313 2420 468 2454; x_wconf 89' lang='lat' dir='ltr'><strong>Arriano</strong></span> <span class='ocrx_word' id='word_1_212' title='bbox 497 2420 704 2465; x_wconf 78' lang='lat' dir='ltr'><strong>saepissime</strong></span> <span class='ocrx_word' id='word_1_213' title='bbox 738 2420 922 2465; x_wconf 79' lang='lat' dir='ltr'><strong>congruit,</strong></span> <span class='ocrx_word' id='word_1_214' title='bbox 953 2420 1008 2453; x_wconf 86' lang='lat' dir='ltr'><strong>uti</strong></span> <span class='ocrx_word' id='word_1_215' title='bbox 1036 2419 1186 2466; x_wconf 84' lang='lat' dir='ltr'><strong>quisque</strong></span> <span class='ocrx_word' id='word_1_216' title='bbox 1216 2418 1382 2452; x_wconf 84' lang='lat' dir='ltr'><strong>conside-</strong></span> 
     </span>
     <span class='ocr_line' id='line_1_31' title="bbox 32 2475 1382 2521; baseline -0.001 -12"><span class='ocrx_word' id='word_1_217' title='bbox 32 2487 112 2509; x_wconf 83' lang='lat' dir='ltr'><strong>rans</strong></span> <span class='ocrx_word' id='word_1_218' title='bbox 140 2485 273 2511; x_wconf 87' lang='lat' dir='ltr'><strong>noscet.</strong></span> <span class='ocrx_word' id='word_1_219' title='bbox 324 2478 436 2511; x_wconf 88' lang='lat' dir='ltr'><strong>Porro</strong></span> <span class='ocrx_word' id='word_1_220' title='bbox 467 2477 544 2521; x_wconf 84' lang='lat' dir='ltr'><strong>ipse</strong></span> <span class='ocrx_word' id='word_1_221' title='bbox 567 2477 740 2510; x_wconf 87' lang='lat' dir='ltr'><strong>Arrianus</strong></span> <span class='ocrx_word' id='word_1_222' title='bbox 775 2490 792 2510; x_wconf 91' lang='lat' dir='ltr'><strong>e</strong></span> <span class='ocrx_word' id='word_1_223' title='bbox 827 2476 927 2510; x_wconf 85' lang='lat' dir='ltr'><strong>libris</strong></span> <span class='ocrx_word' id='word_1_224' title='bbox 951 2477 1148 2510; x_wconf 81' lang='lat' dir='ltr'><strong>Ptolemaei</strong></span> <span class='ocrx_word' id='word_1_225' title='bbox 1177 2484 1209 2509; x_wconf 86' lang='lat' dir='ltr'><strong>et</strong></span> <span class='ocrx_word' id='word_1_226' title='bbox 1237 2475 1382 2510; x_wconf 79' lang='lat' dir='ltr'><strong>Aristo-</strong></span> 
     </span>
     <span class='ocr_line' id='line_1_32' title="bbox 33 2532 1380 2581; baseline -0.001 -15"><span class='ocrx_word' id='word_1_227' title='bbox 33 2532 131 2575; x_wconf 86' lang='lat' dir='ltr'><strong>buli,</strong></span> <span class='ocrx_word' id='word_1_228' title='bbox 163 2534 222 2581; x_wconf 86' lang='lat' dir='ltr'><strong>qui</strong></span> <span class='ocrx_word' id='word_1_229' title='bbox 247 2534 393 2567; x_wconf 84' lang='lat' dir='ltr'><strong>fuerunt</strong></span> <span class='ocrx_word' id='word_1_230' title='bbox 413 2532 612 2568; x_wconf 74' lang='lat' dir='ltr'><strong>Alexandri</strong></span> <span class='ocrx_word' id='word_1_231' title='bbox 639 2535 801 2580; x_wconf 77' lang='lat' dir='ltr'><strong>aequales</strong></span> <span class='ocrx_word' id='word_1_232' title='bbox 827 2542 861 2566; x_wconf 81' lang='lat' dir='ltr'><strong>et</strong></span> <span class='ocrx_word' id='word_1_233' title='bbox 885 2533 1033 2567; x_wconf 83' lang='lat' dir='ltr'><strong>comites</strong></span> <span class='ocrx_word' id='word_1_234' title='bbox 1063 2534 1193 2581; x_wconf 82' lang='lat' dir='ltr'><strong>quique</strong></span> <span class='ocrx_word' id='word_1_235' title='bbox 1219 2532 1380 2566; x_wconf 83' lang='lat' dir='ltr'><strong>omnium</strong></span> 
     </span>
     <span class='ocr_line' id='line_1_33' title="bbox 32 2591 1068 2636; baseline 0.001 -14"><span class='ocrx_word' id='word_1_236' title='bbox 32 2591 250 2624; x_wconf 75' lang='lat' dir='ltr'><strong>veracissimi</strong></span> <span class='ocrx_word' id='word_1_237' title='bbox 280 2591 508 2631; x_wconf 73' lang='lat' dir='ltr'><strong>ferebamur,</strong></span> <span class='ocrx_word' id='word_1_238' title='bbox 538 2601 638 2625; x_wconf 79' lang='lat' dir='ltr'><strong>suam</strong></span> <span class='ocrx_word' id='word_1_239' title='bbox 665 2591 851 2625; x_wconf 74' lang='lat' dir='ltr'><strong>historiam</strong></span> <span class='ocrx_word' id='word_1_240' title='bbox 880 2591 1068 2636; x_wconf 80' lang='lat' dir='ltr'><strong>compegit.</strong></span> 
     </span>
    </p>
   </div>
   <div class='ocr_carea' id='block_1_8' title="bbox 1410 594 1625 812">
    <p class='ocr_par' dir='ltr' id='par_1_11' title="bbox 1410 594 1625 812">
     <span class='ocr_line' id='line_1_34' title="bbox 1489 594 1624 629; baseline -0.022 0"><span class='ocrx_word' id='word_1_241' title='bbox 1489 594 1624 629; x_wconf 73' lang='lat' dir='ltr'><strong>Auctor</strong></span> 
     </span>
     <span class='ocr_line' id='line_1_35' title="bbox 1411 652 1625 698; baseline -0.009 -14"><span class='ocrx_word' id='word_1_242' title='bbox 1411 664 1498 698; x_wconf 86' lang='lat' dir='ltr'><strong>quos</strong></span> <span class='ocrx_word' id='word_1_243' title='bbox 1510 652 1625 683; x_wconf 89' lang='lat' dir='ltr'><strong>histo-</strong></span> 
     </span>
     <span class='ocr_line' id='line_1_36' title="bbox 1410 709 1624 742; baseline -0.014 0"><span class='ocrx_word' id='word_1_244' title='bbox 1410 709 1483 742; x_wconf 80' lang='lat' dir='ltr'><strong>riae</strong></span> <span class='ocrx_word' id='word_1_245' title='bbox 1520 709 1624 741; x_wconf 79' lang='lat' dir='ltr'><strong>duces</strong></span> 
     </span>
     <span class='ocr_line' id='line_1_37' title="bbox 1410 774 1587 812; baseline -0.017 -12"><span class='ocrx_word' id='word_1_246' title='bbox 1410 774 1587 812; x_wconf 78' lang='lat' dir='ltr'><strong>sequatur.</strong></span> 
     </span>
    </p>
   </div>
  </div>
 </body>
</html>
