1752 3116
367 222 420 260 82
844 213 1237 264 ITINERARJVM

367 335 514 381 multi
545 336 883 402 conngerant,
930 334 1266 400 magnitudine
1289 324 1451 382 'nimia
1491 349 1540 383 et
1569 321 1721 382 firmi-

368 418 536 466 tudine
569 419 947 484 inexpugnabili.
1018 423 1176 482 Quam
1207 417 1292 464 ubi
1330 419 1601 466 Alexander
1638 418 1724 465 ob-

367 502 556 549 sidione
601 503 841 556 adoritur,
905 501 1043 548 iubet
1087 500 1195 548 fieri
1239 503 1387 548 scalas
1434 520 1524 565 pro
1577 519 1721 548 muro

367 586 653 648 praecelsas:
692 601 866 648 easque
905 584 1124 630 admotas
1156 601 1267 631 cum
1301 586 1564 650 grandibus
1600 585 1724 650 saxis

368 667 570 730 desuper
611 662 887 732 frangerent
929 679 1270 731 repugnantes,
1318 669 1421 715 sola
1457 667 1724 730 perdurant

367 768 458 813 qua
493 768 577 796 rex
609 768 703 796 una
740 750 932 798 duobus
960 750 1250 797 satellitibus
1294 753 1526 798 evicerat:
1563 738 1726 813 ipsum

368 851 561 896 quoque
606 834 775 880 multis
824 834 1028 895 desuper
1062 845 1118 879 ut
1161 850 1256 896 qua
1292 836 1496 898 quisque
1530 844 1725 896 poterat

367 916 744 963 retrudentibus.
810 921 876 961 Et
933 917 1154 978 quamvis
1211 919 1358 965 scalas
1414 919 1575 966 omnis
1618 933 1727 963 suo-

367 1018 477 1046 rum
523 999 797 1047 comminui
844 998 1068 1054 vidisset,
1120 1017 1280 1063 neque
1320 1002 1427 1048 ullo
1470 1019 1572 1048 sese
1612 999 1725 1046 ideo

367 1087 551 1132 auxilio
593 1084 1007 1147 periclitaturum,
1051 1079 1196 1129 irruit
1242 1096 1406 1131 tamen
1446 1101 1574 1130 unus
1619 1100 1725 1130 om·

369 1169 450 1213 nia
476 1166 884 1219 hostium-milia,
922 1183 1017 1212 una
1046 1166 1307 1228 praedictis
1343 1173 1524 1231 (Peuce
1549 1167 1603 1200 (α)
1639 1166 1728 1212 sci-

369 1252 487 1297 licet
522 1262 570 1296 et
603 1250 928 1309 Ptolomaeo)
965 1251 1049 1311 qui
1086 1261 1398 1296 cunctantem
1422 1246 1469 1282 (ὅ)
1503 1250 1727 1295 multitu-

371 1335 537 1380 dinem
572 1333 796 1395 protinus
831 1329 974 1376 urbis·
1001 1331 1103 1377 eius
1144 1331 1197 1376 in
1218 1349 1332 1378 ..sese
1366 1333 1625 1379 convertit.

194 1435 354 1471 Alexan-
473 1421 634 1464 CXVI.
681 1414 877 1462 Perdius
921 1414 1071 1478 igitur
1106 1414 1190 1461 diu
1235 1432 1397 1461 secum
1433 1414 1725 1462 satellitibus

139 1493 202 1526 der
252 1502 353 1553 ⁵¹¹¹¹¹‚'
373 1498 764 1562 conspirantibus
800 1515 904 1542 rem
937 1498 1073 1558 pleni
1109 1499 1343 1545 exexcitus
1381 1498 1604 1564 agitabat.
1656 1499 1726 1544 Ni

139 1561 239 1640 ἵζω
260 1556 354 1637 {itti}
371 1595 600 1648 vergente
632 1583 733 1627 iam
769 1579 848 1626 die
883 1591 931 1626 et
960 1581 1112 1626 latere
1146 1597 1339 1628 summo
1374 1583 1726 1636 vulneraretur,

137 1662 340 1698 discrimen.
371 1680 420 1714 et
466 1652 661 1728 recepto
709 1663 851 1709 altius
897 1662 1025 1711 ferro
1071 1665 1212 1712 defici
1233 1667 1288 1712 (ς).
1323 1666 1509 1712 viribus
1556 1683 1727 1715 occoe-

368 1752 528 1814 pisset.
584 1748 640 1795 Id
675 1746 969 1794 Macedones
1015 1749 1274 1795 coniectati
1323 1750 1407 1811 qui
1452 1749 1574 1799 foris
1616 1767 1724 1796 rem

368 1833 597 1899 agebant,
632 1842 770 1876 metu
799 1830 981 1892 nequid
1012 1833 1215 1878 ulterius
1252 1834 1530 1895 (occupatis
1566 1833 1617 1878 in
1651 1851 1725 1880 re-

367 1935 477 1983 gem
521 1914 866 1961 intramuranis
911 1916 1149 1962 universis
1185 1932 1274 1962 nec
1323 1915 1527 1979 desuper
1555 1908 1726 1980 prohi-

364 1998 591 2046 bentibus
627 1997 775 2059 siquis
812 1998 1045 2059 irrueret)
1088 2000 1140 2045 vi
1184 2000 1388 2045 claustra
1425 1999 1720 2065 effringunt,

364 2082 723 2145 suppetiatique
767 2079 819 2125 in
864 2093 1087 2143 tempore
1139 2082 1238 2129 iam
1282 2100 1447 2148 regem
1489 2084 1567 2130 sui
1602 2083 1722 2130 reci·

363 2168 507 2230 piunt
558 2164 876 2210 diffidentem.
945 2166 1079 2211 Facti
1128 2158 1335 2228 denique
1380 2184 1498 2213 mox
1545 2183 1604 2213 ex
1647 2166 1723 2211 in-

366 2250 647 2315 dignatione
682 2248 917 2295 saeviores
956 2248 1259 2296 indiscretius
1294 2250 1474 2297 dextris
1508 2251 1560 2297 in
1595 2262 1721 2297 aeta·

368 2347 436 2381 tes
484 2346 530 2381 et
574 2350 712 2380 sexus
755 2335 880 2381 vires
919 2335 1146 2396 optinent
1187 2333 1516 2381 internicione
1559 2333 1719 2382 omni·

365 2419 456 2466 bus
491 2418 652 2465 caesis.

398 2564 453 2596 (a)
478 2563 582 2591 Hunc
603 2563 662 2591 alii
677 2561 803 2591 dicunt
817 2562 1017 2592 Peuceseem.
1055 2561 1102 2596 (b)
1125 2562 1270 2593 Videtur
1285 2561 1528 2600 corrigendum
1545 2566 1711 2590 cunctam-

365 2613 410 2645 (c)
434 2612 512 2641 Cod.
540 2612 666 2650 decipi.
