1752 3116
372 263 425 301 52
852 259 1247 301 ITINERARIVM

371 373 540 420 dextro
586 372 838 427 obviabat,
887 390 1025 437 aegre
1067 374 1180 419 satis
1225 390 1335 419 cura
1379 375 1714 422 Parmenionis

368 456 614 503 tuebatur:
671 468 1079 519 repensarentque
1119 461 1287 504 Persae
1338 458 1546 520 dampna
1580 475 1715 520 prae-

368 541 522 595 dicta,
578 542 632 585 ni
675 541 878 587 Darium
923 539 1192 585 Alexander
1224 541 1482 602 insequens
1522 558 1610 603 per
1642 543 1717 587 in-

365 625 669 670 ternuntium
724 635 946 670 nosceret
999 624 1332 670 Parmenionis
1388 642 1461 669 res
1517 642 1714 689 vergere

363 708 576 770 dampno
613 706 743 765 haud
774 707 899 752 levi:
949 723 1104 767 eoque
1137 718 1390 768 comperto
1428 717 1477 752 et
1509 708 1713 770 ancipiti

361 791 474 836 satis
510 790 642 836 bello
679 791 870 837 eminus
906 790 1041 844 viso,
1077 807 1313 854 regressus
1349 789 1508 837 eidem
1541 791 1714 854 subpe-

358 874 563 920 tiaretur
585 873 650 918 (a).
710 876 882 935 Neque
912 873 1044 919 enim
1070 890 1208 921 mora
1233 873 1365 920 bello
1391 872 1488 919 fuit
1517 890 1544 920 a
1573 887 1710 939 tergo

357 957 576 1003 hostium
598 957 842 1010 venienti,
881 957 999 1017 quin
1028 957 1133 1003 viso
1163 957 1252 1002 tali
1283 956 1574 1003 auxiliatore
1596 974 1711 1003 cun-

358 1042 424 1087 cti
455 1041 678 1102 protinus
722 1039 1022 1094 laberentur,
1076 1052 1131 1085 ut
1163 1057 1269 1102 spes
1302 1038 1446 1103 fugae
1480 1038 1712 1085 blandior

355 1125 543 1185 cuique.

195 1246 339 1282 Infinita
454 1212 620 1254 LXIV.
658 1212 817 1269 Quare
857 1206 959 1267 ipse
988 1205 1257 1252 Alexander
1280 1206 1486 1252 Darium
1518 1202 1709 1266 insequi

173 1305 321 1339 victoria
354 1291 549 1336 statuit:
609 1305 781 1353 agmen
828 1304 944 1334 vero
990 1289 1272 1336 transmisso
1307 1295 1443 1350 Lyco
1487 1289 1703 1340 flumine,

167 1362 338 1397 Macedo-
355 1373 487 1437 quod.
531 1373 798 1418 ultrorsum
835 1383 930 1424 est,
979 1382 1130 1417 castra
1173 1373 1305 1418 vallo
1341 1372 1560 1424 munire,
1613 1369 1706 1417 ibi-

172 1431 270 1455 num.
352 1474 447 1520 que
483 1472 628 1519 quam
665 1466 844 1517 queant
878 1456 1011 1500 ocius
1046 1454 1302 1501 refectioni
1338 1456 1590 1501 consulere
1631 1455 1707 1500 iu-

351 1540 455 1594 bet,
502 1538 724 1585 secundis
770 1539 999 1584 intentos.
1067 1539 1222 1602 Igitur
1257 1539 1550 1585 Parmenion
1594 1556 1705 1602 spo·

350 1625 429 1669 liis
464 1623 683 1669 hostium
719 1633 767 1668 et
803 1619 977 1682 opibus
1025 1625 1202 1667 coactis
1247 1622 1463 1683 opperiri
1496 1623 1703 1669 Alexan-

349 1707 491 1752 drum
538 1707 706 1751 statuit
752 1705 901 1750 etiam
945 1704 1072 1749 ultra
1116 1721 1447 1768 progressum:
1497 1706 1581 1766 qui
1615 1705 1702 1752 ubi

346 1789 582 1837 Arbelum
627 1788 788 1841 venit,
838 1804 959 1848 quae
993 1788 1128 1848 prior
1174 1788 1343 1833 civitas
1378 1788 1544 1835 stadiis
1579 1789 1700 1836 belli

346 1873 405 1919 de
448 1875 560 1919 loco
608 1872 763 1917 ferme
812 1871 1048 1915 sexcentis
1094 1871 1189 1932 sit,
1245 1871 1451 1917 Darium
1498 1872 1698 1934 quidem

344 1957 541 2001 nullum
576 1955 735 2007 videt,
781 1955 850 1999 ita
885 1954 1084 2000 volucer
1128 1954 1531 2015 praetervolarat:
1580 1973 1698 2018 opes

342 2051 504 2085 tamen
532 2040 634 2085 eius
667 2049 715 2082 et
747 2053 880 2081 arma
912 2048 1020 2082 tum
1049 2036 1182 2082 cidar
1206 2037 1254 2068 (ι)
1289 2037 1477 2098 apicem
1508 2040 1697 2104 regium

342 2139 483 2167 curru
527 2137 622 2166 una
667 2131 715 2165 et
747 2118 1016 2184 insignibus
1063 2120 1266 2164 retrahit
1298 2121 1554 2168 universis.
1622 2128 1694 2170 Eo

340 2205 471 2252 bello
508 2203 839 2251 Macedonum
876 2203 1135 2249 desiderati
1180 2215 1294 2248 sunt
1338 2205 1434 2251 viri
1469 2217 1689 2260 centum,

339 2290 451 2352 equi
517 2290 679 2342 mille,
749 2305 960 2351 quorum
1016 2304 1125 2350 pars
1181 2287 1340 2333 maior
1394 2288 1691 2352 insequendo

334 2373 490 2421 Dario
538 2372 780 2418 defecerat
811 2367 874 2419 (ᾖ).
941 2376 1195 2418 Persarum
1218 2371 1262 2403 (ε)
1315 2387 1432 2418 vero
1477 2382 1691 2418 trecenta

361 2515 417 2547 (a)
438 2511 518 2541 cod.
539 2511 815 2551 subpocicarecur.
849 2511 894 2547 (b)
911 2514 997 2542 Cod·
1014 2513 1161 2549 fecerat.
1197 2515 1245 2547 (c)
1270 2512 1355 2542 eod.
1385 2512 1507 2543 Per-sin

385 2628 445 2673 (1)
476 2631 569 2664 Nota
596 2630 696 2663 cidar
716 2629 970 2663 indeclinabile
992 2637 1052 2662 aut
1074 2641 1203 2675 genere
1226 2637 1366 2663 neutro.
