1752 3116
290 165 368 200 110
672 159 1026 201 ALEXANDRI
1057 163 1239 205 ORTVS

284 286 410 319 stare
451 273 649 320 fortuna
692 275 953 321 hominum
993 275 1199 331 nesciat,
1259 289 1408 340 utque
1448 280 1502 326 in
1547 281 1624 327 his

282 356 504 420 fragilior
555 357 788 404 habeatur
833 357 1123 420 quicumque
1178 360 1256 405 illi
1298 378 1351 407 ea
1395 364 1630 410 victitant

281 439 653 486 nexabundius‘?
687 439 760 486 Ad
794 440 910 485 haec
943 441 1204 489 Nicolaus:
1243 445 1374 489 Haec
1409 445 1622 506 quidem,

280 522 465 583 inquit,
521 539 622 570 non
667 524 943 569 invenuste:
999 524 1251 572 enimvero
1304 528 1456 573 velim
1500 529 1636 575 scire·

280 621 363 649 cur
399 605 548 651 assis?
592 622 707 652 nam
740 619 789 651 te
824 606 1041 668 Philippi
1076 605 1236 653 filium
1270 608 1402 655 fama
1435 612 1625 673 praelo-

278 700 386 734 cuta
422 701 505 734 est.
575 694 768 735 Fatetur
801 689 1069 736 Alexander
1111 708 1213 738 sese
1255 691 1316 737 ad
1358 695 1624 742 certamina

277 771 617 835 quadrigarum
641 772 826 818 'studio
862 789 1070 819 coronae
1103 775 1302 822 venisse.
1373 781 1502 824 Tum
1537 780 1626 825 Ni-

275 857 437 902 colaus
471 854 589 901 felle
621 854 680 902 de
715 856 866 902 nimia
896 855 1232 920 indignatione
1266 859 1506 916 suffusus,
1543 861 1622 908 de-

272 949 588 1000 spectansque
616 938 717 985 eius
741 939 1001 985 aetatulam
1024 957 1180 1004 neque
1199 943 1302 988 vim
1334 943 1487 990 animi
1507 961 1622 992 con-

271 1019 509 1075 siderans,
559 1034 852 1085 consputum
887 1021 1303 1073 adolescentulum
1337 1039 1387 1073 et
1420 1027 1622 1074 maledi·

272 1104 361 1150 ctis
405 1105 700 1167 increpitum
746 1107 1017 1168 dereliquit.
1085 1113 1149 1155 At
1189 1118 1305 1156 vero
1347 1110 1622 1157 Alexander

270 1187 355 1249 qui
390 1190 614 1233 omnium
659 1188 1025 1250 disciplinarum
1075 1192 1430 1238 continentiam
1471 1195 1621 1258 magi-

269 1282 368 1316 stro
391 1270 443 1303 (α)
479 1283 721 1318 ostentare
766 1271 1032 1326 didicisset,
1089 1273 1314 1320 abstersit
1354 1274 1621 1323 clementer

269 1366 597 1416 sputamenta,
633 1355 958 1418 iniuriamque
982 1355 1194 1403 arridens
1218 1357 1308 1402 ait:
1348 1360 1462 1405 Iuro
1487 1360 1627 1422 equi·v

269 1436 384 1484 dem
420 1438 536 1493 tibi,
573 1439 800 1493 Nicolae,
835 1440 985 1502 patris
1016 1440 1117 1486 mei
1151 1455 1205 1486 ac
1233 1440 1402 1486 matris
1437 1442 1618 1504 pariter

268 1524 597 1576 maiestatem,
634 1535 691 1567 ut
723 1534 772 1568 te
804 1534 851 1568 et
879 1523 931 1567 in
966 1523 1060 1569 hoc
1080 1524 1322 1584 praesenti
1354 1525 1619 1572 certamine

269 1620 318 1654 et
347 1606 644 1655 Acernaniae
676 1605 775 1652 telo
801 1601 847 1639 (ὅ)
883 1603 1147 1668 superabo!
1184 1607 1315 1653 Hinc
1349 1609 1510 1656 soluta
1544 1622 1617 1656 est

267 1690 521 1737 fabulatio.

90 1803 249 1838 Alexan·
365 1779 447 1820 111.
481 1776 601 1822 Non
635 1774 796 1820 multo
832 1785 993 1820 autem
1029 1785 1139 1836 post
1179 1789 1290 1819 cum
1327 1773 1427 1821 dies
1465 1788 1619 1822 certa-

31 1861 87 1894 dri
133 1861 248 1895 victo-
266 1858 412 1904 minis
449 1855 744 1910 advenisset,
793 1857 1141 1922 aurigandique
1175 1857 1413 1918 professio
1450 1859 1614 1906 studio

32 1918 84 1952 ria
100 1918 245 1955 curulis.

265 1942 579 1994 excitaretur,
634 1956 815 1986 novem
865 1939 1063 2002 quidem
1111 1957 1280 1987 omnes
1327 1954 1373 1988 et
1397 1943 1445 1977 (⁰)
1493 1944 1614 2007 regii

263 2025 457 2071 iuvenes
481 2023 532 2056 (ι)
577 2022 943 2084 competebant,
982 2039 1193 2084 quorum
1235 2025 1410 2072 sortito
1446 2026 1611 2087 primo

293 2179 346 2212 (a)
370 2177 454 2206 cod.
482 2186 595 2217 mago.
634 2177 679 2212 (b)
706 2181 754 2208 Ita
778 2180 853 2208 cod.
878 2176 955 2207 celo.
995 2179 1038 2211 (c)
1063 2177 1148 2206 Cod.
1172 2177 1243 2207 sed.

318 2307 376 2353 (1)
408 2307 515 2353 Apud
536 2307 769 2342 Plutarchum
791 2308 852 2340 vit.
877 2304 990 2340 Alex.
1015 2305 1070 2338 ed.
1094 2304 1249 2338 Londin.
1274 2306 1356 2338 anni
1375 2315 1607 2341 mnccxxru.

260 2366 305 2399 T.
332 2377 386 2399 1v.
416 2379 450 2411 p.
477 2369 509 2398 9.
540 2372 684 2409 rogatus
722 2364 763 2396 ab
797 2364 919 2397 aulicis
946 2362 1151 2395 Alexander
1181 2375 1267 2407 puer
1305 2375 1390 2395 num
1415 2363 1610 2409 Olympiae

259 2431 395 2455 certare
423 2421 550 2462 vellet,
581 2433 662 2453 sanc
686 2420 711 2451 si
735 2421 918 2453 habiturus
941 2431 1038 2458 sum,
1070 2417 1208 2462 inquit,
1241 2419 1462 2452 adversarios
1484 2431 1582 2465 reges
1599 2433 1609 2453 τ

261 2482 339 2515 Τῶν
361 2482 432 2528 περὶ
465 2478 574 2514 αὐτὸν
602 2478 882 2526 ἀποπειρωμένων
914 2482 944 2512 εἰ
975 2475 1123 2520 fficiam-:³
1150 2474 1196 2510 ξέν’
1224 2475 1446 2524 Ολιμτιᾶσιν
1479 2477 1610 2524 ἀγωνί-

256 2543 387 2574 σασθαι
413 2536 566 2577 στάδιον,
596 2539 728 2583 Εἵγε,
759 2537 824 2580 ἔφη
842 2529 866 2576 ‚⁰
882 2537 1035 2577 §led-ef,-
1065 2534 1203 2579 §summ
1235 2534 1316 2579 ἕξειν
1344 2533 1606 2580 ἂιτμίωυιστλς-
