1752 3116
161 996 319 1033 Alexan-

325 191 378 228 56
801 182 1196 231 ITINERARIVM

326 300 585 362 pennatior
624 288 672 348 et
715 320 798 365 spe
838 303 946 350 voti
987 302 1203 367 ignotior
1224 302 1281 338 (a)
1316 315 1365 351 et
1406 304 1514 350 viae
1557 318 1670 349 usus

328 385 570 445 asperiore
595 385 867 448 conpendio
891 385 944 430 id
971 386 1217 434 elaborare
1247 388 1307 434 ad
1329 389 1541 450 pretium
1565 401 1670 431 mo-

328 483 409 513 rae
452 468 823 515 abscindendae:
869 469 1099 531 inopinus
1123 467 1172 504 (²²)
1203 471 1484 533 supervenit
1524 474 1670 521 Rem,

330 549 765 614 confligentemque
809 551 1021 614 dampno
1063 570 1164 600 non
1209 554 1308 600 levi
1351 551 1584 615 dispergit
1626 560 1677 595 et

331 631 516 679 dissicit
544 653 629 697 per
652 636 754 681 vim
781 636 907 681 clam
931 635 1041 701 Fuga
1073 637 1132 682 de
1158 638 1323 684 medio
1346 636 1392 668 (⁶)
1419 635 1674 695 dilapsum.

329 715 500 778 Ibique
523 719 771 780 reperiunt
788 719 995 766 Darium
1023 721 1328 788 intersectum
1350 738 1380 768 α
1402 719 1496 766 suis
1516 715 1571 750 (d)
1593 716 1679 779 qui

332 803 454 846 Beso
495 818 590 846 una
634 801 884 866 fugissent.
954 808 1111 867 Quare
1149 822 1324 866 corpus
1357 803 1558 866 quidem
1591 803 1679 847 ho·
1738 790 1741 794 ²

335 897 456 928 nore
475 884 623 948 regali
646 887 889 933 maiorum
920 889 1020 935 eius
1041 889 1306 951 sepulchris
1335 886 1508 934 inferri
1528 884 1680 935 iubet,

436 971 584 1014 LXX.
617 973 724 1032 Ipse
754 988 871 1017 vero
900 974 1197 1033 Hyrcaniae,
1236 970 1410 1034 quibus
1432 970 1593 1016 visum
1622 966 1685 1013 ad

103 1055 166 1088 der
189 1057 319 1090 Besum
335 1051 585 1116 ingenium
618 1053 718 1098 loci
753 1071 808 1100 ac
853 1056 1089 1117 temporis
1124 1055 1510 1117 reversionisque
1551 1069 1685 1099 com-

101 1113 314 1161 insequitur.

334 1133 542 1181 modum
576 1138 916 1198 superpositis,
954 1141 1130 1184 Besum
1157 1138 1452 1201 insequitur,
1488 1137 1557 1183 sic
1585 1135 1687 1181 ani·

335 1233 418 1262 mo
454 1215 673 1262 firmatus
710 1232 765 1264 ut·
805 1220 1152 1280 quadrifariam
1174 1221 1227 1254 (ι)
1259 1221 1450 1286 fugiens
1485 1221 1688 1266 vallare-

335 1311 430 1346 tur.
499 1303 722 1365 Denique
756 1301 842 1347 ubi
877 1319 1073 1367 campos
1106 1304 1343 1369 ingressus
1380 1315 1476 1358 est,
1508 1302 1689 1348 victori

336 1399 387 1429 se
422 1383 606 1431 dedunt
638 1385 906 1434 Abraxares
935 1404 1034 1433 ,una
1070 1389 1432 1452 Phratapherne
1469 1397 1687 1452 satrape:

337 1471 483 1513 Besus
532 1469 754 1515 elabitur.
827 1474 929 1532 Qua
972 1486 1083 1517 cura
1129 1471 1350 1534 deposita
1391 1488 1474 1517 seu
1510 1470 1687 1525 dilata,

336 1567 448 1597 suos
482 1569 569 1613 per
612 1554 720 1599 loca
756 1551 904 1606 belli,
954 1555 1118 1617 siquos
1162 1556 1446 1617 reliquerat,
1495 1571 1692 1619 congre-

339 1635 443 1698 gari
477 1635 633 1690 iubet,
682 1636 973 1700 refectisque
1020 1639 1096 1684 his
1133 1638 1378 1700 quatridui
1422 1655 1562 1686 mora
1596 1641 1691 1687 Xa-

340 1731 528 1764 zacerta
558 1720 629 1766 ire
657 1720 940 1767 decernit<⁶>
975 1721 1149 1768 urbem
1180 1722 1285 1768 illic
1316 1722 1444 1767 nihil
1476 1724 1693 1785 optimae

340 1803 754 1866 posthabendam,
802 1821 951 1866 quam
984 1806 1234 1866 praemissi
1269 1806 1321 1850 in
1356 1806 1451 1852 hoc
1486 1806 1546 1852 ab
1581 1808 1693 1856 Ale-

341 1886 526 1932 xandro
540 1886 932 1934 moderabantur.
965 1888 1056 1934 Sed
1075 1901 1368 1935 concurrunt
1388 1889 1521 1952 prius
1545 1892 1694 1937 etiam

344 1970 696 2032 impedimenta
733 1972 940 2037 agminis
973 1973 1190 2018 universi
1217 1970 1278 2007 (f)
1313 1974 1424 2021 loco
1468 1972 1589 2020 belli
1623 1992 1694 2021 re-

346 2055 485 2108 licta,
531 2056 779 2117 accitaque
823 2067 936 2117 post
979 2055 1044 2101 id.
1112 2056 1190 2101 Sic
1224 2055 1358 2102 enim
1406 2059 1535 2122 regia
1570 2058 1695 2105 iussa

347 2140 765 2203 praescripserant.
832 2145 903 2185 Ac
936 2138 1063 2199 siqui
1094 2138 1154 2184 ab
1192 2139 1309 2187 se&
1345 2138 1562 2186 distracti
1596 2141 1696 2188 for-

384 2291 436 2322 (α)
461 2293 510 2318 lta
535 2290 610 2319 cod.
639 2291 709 2318 nisi
740 2291 848 2318 mavis
876 2291 1028 2330 ignitior.
1067 2286 1110 2321 (h)
1135 2289 1213 2317 (lod.
1250 2289 1377 2325 mopin.
1414 2290 1458 2320 (c)
1482 2289 1562 2317 Cod.
1586 2288 1698 2328 perbis

349 2338 442 2368 clam
458 2339 580 2378 fugere
601 2340 719 2368 medio.
759 2341 812 2374 (d)
837 2341 920 2369 Cod.
943 2338 1055 2379 Ihtque
1070 2340 1245 2375 reperiunt
1265 2341 1299 2367 in
1317 2348 1419 2366 arma
1434 2340 1517 2369 suis.
1553 2340 1598 2373 (e)
1615 2339 1697 2370 Cod.

349 2389 527 2419 discernit.
573 2390 632 2425 (f)
658 2391 742 2418 Cod·
768 2391 862 2419 versi.
899 2392 950 2429 (g)
975 2390 1056 2417 (md.
1084 2398 1124 2418 ac
1145 2390 1249 2423 siquis
1274 2388 1324 2416 ad
1345 2397 1388 2418 sc·

410 2504 468 2549 (1)
501 2505 672 2539 Arrianus
699 2507 761 2538 [H.
790 2511 842 2539 23.
868 2506 917 2539 ait
944 2505 1187 2541 Alexandrum
1210 2507 1439 2554 insequutum
1465 2519 1541 2541 osse
1566 2509 1696 2541 Bas-um

352 2562 531 2607 oripnrtito
563 2562 729 2596 mcxx-3:11.
