1752 3116
102 1495 214 1528 Besus
235 1505 295 1528 ca-

74 1552 184 1597 pitur.

317 192 370 228 60
791 183 1187 226 ITINERARIVM

311 316 414 346 non
468 301 600 347 viam
644 298 875 361 persacile
927 298 1163 361 sapientia
1205 298 1441 344 straverit.
1511 292 1654 359 Quod

311 385 444 431 enim
488 386 603 430 alias
623 385 673 417 (α)
708 382 948 446 praesenti
990 382 1100 428 usui
1142 382 1408 443 suppetiari
1441 379 1658 425 adverte-

310 480 386 513 rat
406 467 481 522 (¹),
515 483 740 529 promere
763 481 871 511 suos
892 462 942 496 (²)
975 465 1127 526 pelles
1150 463 1310 517 iubet,
1349 462 1523 525 quibus
1545 461 1656 508 sub-

310 549 509 597 tendere
532 549 578 580 (b)
601 549 906 614 gignentium
935 547 1112 594 frivola
1138 547 1366 609 aridaque
1390 545 1658 610 constringi

310 651 459 697 quam
481 635 694 679 maxime
716 632 767 676 in
791 631 999 678 vinculis
1023 629 1349 677 crebrioribus
1372 629 1530 681 docet.
1565 629 1656 674 His

310 720 493 781 quippe
521 717 700 780 pactis,
738 715 985 761 substratu
1007 714 1194 760 levium
1211 714 1561 775 densarumque
1581 712 1662 758 iti-

309 801 424 847 dem
460 812 509 846 et
548 800 822 862 superiectu
862 797 1331 844 trabilacula1·um<⁶>
1370 799 1558 844 calcatu
1590 808 1662 842 ta-

307 883 636 929 bulandarum
695 898 876 928 conexa
910 879 966 914 (d)
1020 882 1406 943 utrimquesecus
1450 881 1659 942 pellium

306 979 591 1033 pragmenta
643 983 786 1012 usum
832 965 1019 1010 ratium
1065 965 1427 1029 integraverant
1470 961 1661 1023 sibique

305 1052 584 1114 pecorique.
640 1054 698 1095 In
733 1050 861 1095 hunc
896 1048 1102 1095 modum
1136 1048 1334 1094 sarcinis
1367 1057 1663 1108 transporta-

306 1136 395 1189 tis,
451 1152 553 1181 non
601 1132 985 1196 superstantibus
1028 1143 1226 1179 tantum
1259 1128 1355 1174 fida
1390 1128 1660 1183 militibus,

306 1218 392 1264 sed
427 1217 722 1263 armantibus
752 1234 945 1278 quoque
973 1215 1271 1268 animandis,
1307 1214 1348 1259 si
1375 1215 1521 1260 statio
1549 1215 1663 1260 hor-

308 1301 507 1354 ruisset,
555 1300 792 1361 opinione
826 1298 1024 1345 facilior
1056 1297 1358 1344 transmissio
1392 1296 1510 1350 fuit,
1547 1315 1663 1344 cum

309 1401 394 1429 sex
427 1383 593 1429 stadiis
628 1383 906 1428 latitudinis
940 1383 1101 1429 alveus
1141 1382 1240 1431 Oxi
1270 1381 1427 1427 amnis
1462 1393 1662 1443 pateret.

412 1470 586 1514 LXXV
589 1471 671 1512 III.
718 1471 821 1512 Nec
867 1477 1032 1512 tamen
1069 1466 1327 1527 quisquam
1362 1483 1502 1513 ausus
1536 1465 1666 1512 obsi·

312 1563 438 1597 stere
482 1563 580 1596 est:
642 1551 756 1612 quin
805 1550 954 1596 etiam
993 1551 1250 1596 nuntiatur
1293 1551 1394 1595 iam
1439 1551 1664 1612 planiora

309 1633 647 1697 perinantibus
671 1632 716 1664 (ὅ)
745 1637 923 1679 Besum
945 1632 1015 1679 ibi
1031 1631 1089 1666 (f)
1115 1634 1334 1680 vinctum
1357 1650 1383 1678 a
1408 1635 1504 1680 suis
1527 1651 1662 1681 com-

308 1718 450 1765 muni
473 1717 686 1779 pretium
707 1718 879 1778 culpae
904 1719 1085 1764 servari
1112 1733 1201 1778 pro
1233 1717 1332 1772 his,
1370 1717 1660 1780 quibuscum

305 1801 522 1865 fugerat,
572 1817 725 1846 reum.
803 1805 961 1864 Quare
997 1802 1128 1847 exim
1161 1803 1256 1846 iter
1290 1801 1439 1848 solito
1475 1803 1662 1864 patien-

305 1885 402 1930 tius
426 1885 480 1923 (ὅ)
514 1885 646 1930 facit.
714 1885 1056 1932 Ptolomaeum
1079 1883 1132 1917 (h)
1167 1901 1283 1930 vero
1316 1886 1436 1950 Lagi
1471 1889 1660 1948 praeire

304 1981 584 2031 susceptum
620 1973 796 2013 Besum
840 1967 901 2013 acl
942 1985 1089 2031 seque
1122 1969 1390 2031 perducere
1434 1972 1662 2017 antemit-

340 2121 392 2153 (a)
416 2119 499 2148 cod.
531 2117 644 2147 aliud.
683 2117 728 2151 (b)
753 2118 838 2146 cod.
873 2128 1026 2157 promere
1054 2129 1127 2148 suos
1157 2118 1283 2156 pelles,
1317 2118 1434 2158 quibus
1464 2120 1662 2153 subcendere

305 2168 392 2199 iubet
413 2170 473 2198 eis.
524 2170 569 2201 (c)
592 2172 641 2198 Ita
666 2169 741 2197 cod.
768 2167 836 2196 nisi
866 2174 916 2197 est
948 2170 1107 2197 mendum
1137 2178 1200 2206 pto
1225 2168 1483 2201 crabicularum.
1529 2173 1584 2206 (d)
1610 2177 1660 2204 lta

305 2219 385 2249 cod.
408 2227 485 2247 cum
501 2227 570 2246 una
586 2228 619 2247 n.
655 2220 700 2251 (e)
727 2221 776 2248 lta
789 2218 863 2247 cod.
888 2219 1033 2248 Videtur
1055 2226 1169 2248 antem
1191 2220 1410 2249 scribendum
1434 2225 1661 2263 peregrinan-

304 2268 391 2300 tibus
415 2275 474 2298 aut
500 2266 766 2306 permeantibus.
800 2269 863 2303 (f)
888 2269 971 2297 Cod.
1000 2267 1063 2298 ulri-
1104 2270 1155 2309 (g)
1180 2270 1265 2298 cod.
1292 2272 1512 2308 pacientibus.
1542 2274 1593 2309 (h)
1611 2279 1660 2305 lta

306 2319 385 2350 eod.
410 2324 608 2348 constanter
634 2318 886 2354 Ptolomaeum,
910 2328 983 2349 non
1006 2318 1249 2349 Ptolemaeum.

367 2447 430 2499 (1)
462 2451 575 2485 Huius
599 2450 739 2483 artificii
764 2450 931 2483 militaris
961 2450 1167 2497 exemplum
1197 2460 1250 2485 est
1279 2450 1387 2486 etiam
1417 2452 1508 2498 apud
1533 2453 1658 2488 Xeno-

310 2510 482 2556 phontem
516 2508 608 2554 Cyri
630 2507 763 2552 expe&
795 2509 820 2541 Ι.
848 2512 879 2541 5.
907 2507 940 2552 §-
965 2512 1018 2542 10.

368 2565 427 2611 (2)
457 2567 595 2611 Nempe
626 2565 771 2598 millu-s.
