1752 3116
364 181 416 220 80
833 179 1226 223 ITINERARIVM

363 294 623 340 hominum
655 293 1036 360 magnitudines,
1071 310 1230 355 neque
1260 311 1374 340 vero
1400 293 1597 359 ingenio
1628 292 1701 338 id-

364 377 515 422 ferior
561 394 706 439 quam
750 388 962 422 artuatus
986 377 1050 424 (ι).
1118 381 1163 423 Is
1208 375 1296 423 ubi
1340 376 1454 430 scit,
1501 377 1702 422 Alexan·

365 460 507 506 drum
551 461 613 506 ad
659 477 758 506 sese
805 461 973 505 moliri
1016 460 1200 513 iter(‘²),
1253 458 1378 507 absit
1419 458 1702 505 obnuntiat:

365 544 448 589 sed
481 544 652 589 incitat
686 560 849 608 mage,
885 544 1078 605 acrique
1103 541 1237 588 bello
1269 553 1522 602 superatur
1555 553 1605 586 et
1633 556 1707 586 ca·

367 627 513 688 pitur.
583 630 819 688 Receptus
844 639 1008 673 tamen
1037 625 1096 671 ad
1118 626 1300 671 amicos
1322 623 1583 671 Alexandri
1610 640 1710 669 me-

368 709 465 756 rito
500 709 759 754 virtutium
782 709 831 742 (²)
866 725 1124 770 procurare
1153 708 1284 771 quod
1302 707 1354 741 (5)
1390 721 1493 754 erat
1527 724 1612 753 rex
1640 724 1713 753 re-

368 793 510 853 cepit,
580 796 651 837 Ita
687 808 795 854 pars
831 804 902 838 est
945 793 1163 845 virtutis,
1210 807 1263 837 ea
1286 787 1333 823 (ὅ)
1369 789 1544 853 quibus
1577 806 1713 852 prae·
1746 780 1749 786 ⁸

369 873 519 920 fueris
563 886 620 920 ut
652 876 819 936 potior
841 875 914 927 (ς),
963 891 1114 937 aeque
1147 892 1259 921 sane
1304 890 1434 920 nunc
1468 889 1586 919 mox
1619 889 1716 918 ces-

371 958 485 1005 sisse
518 958 726 1019 potiori:
766 957 1000 1018 quoniam
1026 960 1230 1021 quisque
1259 955 1612 1005 mediocritatis
1643 965 1717 1001 est

374 1041 565 1105 agnitor
599 1041 711 1087 satis
746 1041 916 1087 fecerit
949 1059 1048 1088 sese
1083 1042 1337 1089 noscendo.

240 1165 346 1197 'ix-nra
478 1128 616 1171 CXII.
653 1125 795 1170 Exim
831 1141 1027 1190 magnas
1055 1131 1298 1172 Pecanum
1333 1137 1382 1171 et
1402 1123 1718 1170 Musicanum

171 1221 316 1255 Amas.
377 1210 595 1271 regiones
628 1208 929 1267 exsequitur,
965 1224 1020 1254 ac
1055 1208 1150 1254 sibi
1185 1220 1455 1273 congregat.
1526 1211 1721 1253 Petram

378 1308 572 1354 quoque
619 1305 740 1351 quae
774 1291 946 1336 Aornis
971 1290 1025 1322 (ἀ)
1069 1303 1270 1338 vocatur
1313 1291 1535 1345 affectat,
1584 1291 1721 1337 cuius

377 1373 689 1437 proceritudo
723 1385 836 1418 sunt
869 1373 1013 1419 stadii
1048 1375 1412 1439 quadringenti,
1446 1390 1588 1438 supra
1624 1375 1724 1420 cul-

377 1457 566 1504 toribus
603 1454 736 1501 dives
767 1455 895 1501 haud
925 1457 1084 1504 minus
1117 1457 1444 1519 locupletibus
1476 1473 1626 1519 quam
1654 1474 1724 1503 se-

380 1540 530 1587 curis:
568 1550 617 1584 et
640 1549 710 1584 est
732 1539 777 1584 ei
803 1556 982 1585 nomen
1020 1558 1077 1586 ex
1105 1540 1414 1593 celsitudine,
1452 1557 1600 1602 quam
1632 1557 1731 1589 nec*

382 1625 519 1669 alites
554 1621 920 1684 supervolitent.
992 1624 1083 1670 Sed
1122 1624 1254 1670 enim
1294 1624 1417 1669 hanc
1443 1624 1488 1656 (θ)
1533 1639 1736 1685 quoque

385 1708 578 1769 optinet
615 1704 712 1749 fixu
745 1707 960 1752 vectium
982 1707 1055 1761 (4),
1105 1708 1184 1753 via
1219 1708 1412 1753 scansili
1447 1723 1501 1753 ac
1534 1707 1728 1754 insidiis

385 1791 650 1852 appetitam
669 1786 742 1835 (f).

200 1874 370 1909 Macedo-
488 1875 648 1920 CXIII.
685 1874 787 1916 Iam
808 1871 859 1910 (ἕ)
895 1875 950 1920 cle
985 1872 1318 1938 magnitudine
1346 1872 1467 1919 belli
1500 1887 1632 1922 orcus
1660 1888 1729 1923 esc

153 1945 242 2022 Ξὶςιῑς
266 1942 370 2036 θζιῑζῖ
387 1968 576 2020 questus
602 1971 712 2000 cum
737 1954 1051 2017 primatibus,
1090 1956 1223 2019 quod
1251 1958 1378 2001 ultra
1410 1969 1576 2020 gentes
1596 1957 1729 2005 bello

154 2047 247 2079 relae.

432 2109 484 2141 (a)
507 2107 587 2138 Cod.
616 2117 687 2137 uno
708 2107 877 2137 vocabulo
899 2107 1070 2142 molinire,
1095 2108 1188 2145 quod
1211 2107 1368 2136 mendum
1392 2105 1560 2136 iudicavi.
1588 2106 1634 2141 (b)
1648 2110 1730 2139 Cod.

390 2157 443 2188 his
468 2168 528 2194 pro
556 2168 608 2187 ea.
653 2160 698 2191 (c)
733 2159 813 2188 cod.
848 2159 972 2196 pacior.
1023 2158 1073 2190 (d)
1103 2161 1151 2186 lta
1175 2157 1251 2186 cod.
1276 2163 1310 2185 at
1333 2158 1482 2184 Arriano
1505 2162 1557 2186 est
1580 2149 1735 2199 ’'Acpvog.

391 2212 436 2242 (e)
463 2207 542 2237 Cod.
568 2208 635 2239 hic.
674 2208 730 2244 (f)
755 2208 840 2237 cod.
865 2206 1221 2245 acsid1daspe11titam.
1268 2209 1320 2247 (g)
1344 2206 1428 2236 Cod.
1454 2216 1547 2236 nam.

453 2320 514 2372 (1)
547 2325 639 2359 Nota
661 2335 789 2358 novam
817 2321 1111 2367 significationem
1135 2321 1298 2355 vocabuli
1330 2332 1516 2364 arcuatus,
1549 2323 1620 2358 nisi
1644 2324 1738 2359 sorte

396 2381 621 2416 scribendum
645 2390 696 2413 ost
727 2379 884 2414 artubus.

455 2439 512 2483 (2)
544 2439 595 2472 Ita
628 2437 704 2470 cod.
741 2439 804 2471 Est
838 2444 957 2471 autem
980 2443 1062 2468 nota
1090 2435 1328 2480 grammaticis
1359 2444 1393 2468 et
1422 2437 1497 2470 haec
1520 2436 1737 2471 terminatio.

455 2496 512 2539 (ὅ)
544 2497 596 2529 Ita
619 2493 696 2527 cod.
723 2507 786 2540 pro
812 2494 848 2526 id
870 2493 976 2526 cuius.

457 2550 518 2600 (4)
552 2551 638 2586 Cod.
671 2553 835 2584 vaceium.
