1752 3116
395 219 472 260 194
778 217 1131 258 ALEXANDRI
1160 216 1315 258 ACTV
1319 219 1344 258 S

391 331 550 384 „ciam
594 320 913 392 conplevisse,
970 335 1076 381 ae'ra
1134 330 1295 392 ipsum
1341 328 1731 378 subterstravisse

390 415 590 468 „iaculis
637 426 684 459 et
737 413 945 477 sagittis,
1005 424 1199 476 gentem
1252 413 1470 459 Persidos
1526 413 1737 474 denique

389 496 752 558 „superduxisse
788 494 1147 558 captivitatibus
1185 496 1422 543 Graeciae.
1459 496 1735 543 Laudamus

390 599 482 637 „ne
516 581 664 645 igitur
699 581 800 625 eius
833 580 1108 641 potentiam
1154 579 1236 639 qui
1273 579 1390 625 haec
1435 579 1625 632 fecerit,
1675 595 1735 624 an

390 680 719 718 „exsecramur
735 696 746 716 ,
786 661 918 724 quod
945 661 1086 707 urbes
1112 662 1336 707 Graeciae
1357 663 1572 724 spolians
1594 673 1752 707 suam'

387 745 692 801 „barbariam
725 743 1138 806 frequentaverit?
1195 745 1323 807 Quid
1367 762 1480 809 ergo
1517 744 1578 790 ad
1623 745 1739 790 haec

387 817 639 892 „exempla
672 827 997 874 Alexandrum
1033 827 1392 888 provocamus?
1431 828 1514 890 qui
1537 831 1739 873 Graeco-

389 921 530 968 „rum
565 912 761 974 quidem
798 911 1001 972 quisque
1036 910 1130 955 sibi
1175 911 1409 956 restiterit
1442 893 1543 956 nlon
1591 909 1740 971 capti·

387 997 570 1051 >‚vitate
622 993 839 1046 duxerit,
888 992 970 1038 sed
1015 992 1249 1039 victoriae
1293 992 1588 1039 liberalitate
1634 1008 1737 1037 cor-

387 1079 620 1134 „rexerit,
659 1093 851 1138 unaque
886 1092 1051 1122 secum
1097 1077 1310 1141 coegerit
1343 1077 1584 1129 militare,
1626 1090 1738 1136 pro-

385 1161 568 1216 „fessus
603 1161 765 1222 palam
799 1158 851 1203 id
888 1175 987 1204 esse
1020 1170 1194 1204 votum
1230 1176 1376 1224 regno
1415 1172 1463 1205 et
1485 1159 1735 1221 potentiae

384 1260 526 1299 „suae
560 1255 614 1288 ut
648 1242 829 1288 amicos
865 1240 1065 1302 quidem
1084 1240 1310 1288 adficeret
1344 1241 1607 1295 beneficiis,
1644 1241 1736 1286 ini-

385 1327 568 1381 „micos
613 1342 728 1371 vero
775 1325 1105 1371 transduceret
1139 1326 1200 1371 ad
1235 1326 1487 1371 amicitias.
1524 1323 1664 1388 Quod
1694 1324 1736 1369 si

383 1410 466 1465 „id
500 1410 578 1454 illi
615 1421 789 1455 votum
825 1420 873 1455 et
905 1409 1217 1471 propositum
1254 1408 1371 1462 fuit,
1416 1409 1735 1455 Athenienses

383 1511 502 1548 „nos
541 1493 626 1554 qui
661 1492 806 1537 amici
840 1492 1114 1538 Alexandro
1150 1491 1413 1546 fuerimus,
1449 1493 1533 1554 qui
1561 1492 1735 1557 magis·

382 1577 531 1631 „teria
567 1587 731 1621 nostra
767 1574 926 1620 eidem
963 1575 1333 1636 praeiverimus,
1369 1576 1560 1620 inimici
1599 1587 1735 1621 tanto

382 1660 521 1714 „viro
560 1658 692 1721 quod
723 1658 774 1691 (a)
811 1659 1055 1704 malumus
1106 1675 1205 1704 esse
1257 1674 1404 1720 quam
1451 1659 1628 1714 amici,
1682 1657 1748 1705 id,

381 1759 527 1798 „vero
566 1759 653 1806 ego
690 1741 787 1788 diei
822 1755 966 1804 turpe
1010 1740 1386 1788 Atheniensibus
1430 1753 1581 1803 puto,
1628 1741 1734 1788 fieri

379 1842 553 1887 „posse
587 1841 733 1886 porro
772 1841 871 1871 non
909 1824 1133 1876 arbitror,
1181 1828 1344 1886 Turpe
1379 1827 1512 1870 enim
1547 1837 1734 1880 est‚nos

379 1939 398 1964 „
413 1907 639 1971 quidem,
694 1909 777 1969 qui
822 1909 899 1953 illi
941 1908 1161 1973 magistri
1209 1907 1470 1963 fuerimus,
1526 1909 1732 1955 consilio

376 1990 846 2053 „inprudentissimo
893 1990 1213 2052 deprehendi3
1273 1991 1418 2037 illurn
1473 2003 1634 2038 autem
1660 1987 1730 2045 (ὅ),

377 2077 494 2138 „qui
539 2093 565 2121 a
612 2073 754 2120 nobis
803 2076 888 2120 has
933 2075 1248 2120 scientiarum
1294 2088 1416 2121 artes
1462 2076 1726 2137 acceperit,

377 2158 668 2221 „prudentia
704 2172 793 2204 nos
829 2168 876 2202 et
910 2156 1143 2218 sapientia
1178 2159 1473 2218 praevenire.
1495 2204 1509 2219 =

478 2246 647 2288 XVIII.
696 2239 820 2295 „Sed
852 2239 968 2284 haec
1005 2242 1310 2286 omittamus.
1367 2241 1441 2285 Ad
1475 2241 1559 2286 illa
1595 2256 1726 2287 nunc

375 2326 595 2381 „animos
631 2323 882 2370 advertite.
928 2324 1046 2385 Quis
1092 2341 1175 2370 rex
1219 2336 1454 2384 tyrannus
1498 2325 1575 2370 vel
1618 2324 1725 2385 quis

373 2413 697 2464 „Graecorum
732 2409 999 2470 imperator
1033 2414 1310 2472 Aegyptum
1347 2406 1607 2469 aliquando
1643 2422 1721 2471 ag·

367 2533 1723 2568 NJ

401 2608 454 2638 (a)
480 2607 564 2637 Cod.
590 2617 666 2637 vero
689 2618 761 2644 quo.
794 2607 840 2640 (h)
866 2607 949 2636 Cod.
976 2615 1105 2636 tarsen.
