1752 3116
279 202 330 240 38
755 178 1148 240 1T1NER'ARIVM

134 354 261 387 wem-
377 315 566 358 XXXV.
618 316 828 375 Postque
881 311 933 358 id
982 312 1142 374 ipsum
1183 311 1422 375 ,dextrum
1469 326 1619 357 cornu

42 411 97 443 ria
139 412 260 444 Mace-
277 395 467 440 duxisse
512 396 563 440 in
619 396 997 442 confertissimos
1039 400 1226 441 Persas:
1292 407 1341 441 et
1387 393 1620 440 thessalos

41 466 189 502 donum.
276 480 460 540 equites
494 497 610 527 mox
644 482 913 531 insecutos,
958 495 1012 524 ac
1047 478 1258 524 minaces
1289 477 1503 523 maxime
1536 476 1623 520 ho-

275 562 423 607 stium
467 562 638 626 globos
681 564 797 608 ilico
858 560 1129 615 discidisse,
1190 560 1386 621 acrique
1430 559 1619 619 impetu

274 661 444 708 agmen
478 644 538 689 ad
566 661 761 692 amnem
792 646 1020 691 Pinarum
1050 657 1238 690 trusum
1268 644 1320 688 in
1353 653 1484 705 terga
1519 655 1623 685 ver-

273 727 409 772 tisse:
447 729 555 789 plus
590 728 909 773 multitudine
937 728 1012 773 sui
1047 727 1270 774 hostibus
1306 743 1454 790 quam
1487 736 1624 771 metu

273 808 448 873 fugave
497 797 820 857 turbantibus.
888 815 996 872 Ipse
1044 811 1254 874 denique
1298 827 1414 857 mox
1448 808 1623 855 Darius

272 909 414 938 curru
448 893 618 940 relicto
657 906 705 939 et
739 895 791 939 in
827 911 971 940 curru
1009 894 1280 960 insignibus
1317 892 1459 957 regiis
1495 906 1625 954 egre-

271 975 440 1038 giaew)
473 977 549 1021 illi
581 977 808 1024 Fortunae
839 978 1080 1024 eximitur.
1127 975 1398 1025 Affectibus
1424 971 1468 1006 (b)
1505 989 1626 1035 quo-

273 1076 364 1120 que
398 1060 448 1104 in
485 1047 709 1107 tentoriis
745 1062 887 1125 regiis
923 1062 1054 1107 hosti
1089 1062 1294 1107 relictis:
1346 1058 1507 1106 dolori
1543 1056 1622 1102 de-

271 1141 530 1203 decorique
560 1161 680 1207 quae
707 1145 863 1206 spolia
890 1156 992 1190 tam
1017 1144 1160 1191 foeda
1186 1161 1331 1206 quam
1365 1143 1498 1188 bello
1521 1156 1623 1186 non

269 1219 558 1271 necessaria:
597 1237 753 1271 matre
790 1237 839 1271 et
874 1228 1080 1290 coniuge
1114 1225 1465 1272 comitantibus
1502 1223 1623 1268 filia-

268 1305 456 1368 busque
493 1305 677 1354 duabus
711 1320 761 1353 et
795 1306 914 1355 filio.
988 1313 1152 1371 Opum
1191 1321 1355 1355 tamen
1393 1308 1495 1354 eius
1530 1306 1622 1352 mi-

269 1405 356 1434 nus
394 1390 628 1451 opinione
662 1391 767 1436 illic
801 1392 1083 1446 inventum,
1121 1392 1355 1454 quoniam
1390 1393 1621 1454 pleraque

269 1471 500 1517 festinans
514 1475 738 1520 Damasci
757 1474 1195 1521 commendaverat.
1230 1475 1503 1522 Alexander
1517 1487 1621 1520 tan-

270 1554 382 1600 dem
404 1556 447 1587 (⁶)
481 1557 640 1604 victor
686 1558 747 1604 ad
783 1559 923 1605 Darii
959 1560 1156 1620 epulam
1182 1558 1230 1591 (Ι)
1265 1571 1313 1606 et
1345 1559 1618 1606 tentorium

270 1637 422 1683 subit:
473 1639 608 1701 isque
642 1643 752 1688 finis
786 1641 918 1687 bello
945 1640 996 1674 (2)
1030 1641 1139 1687 fuit.

370 1725 585 1773 XXXVI.
628 1725 904 1787 Insequenti
932 1724 1201 1770 Alexander
1229 1723 1327 1779 die,
1365 1724 1455 1770 etsi
1482 1722 1618 1788 gravi

93 1754 254 1791 Alexan-

36 1813 91 1846 dri
125 1815 254 1847 huma-
272 1802 472 1850 femoris
496 1808 683 1853 saucius
704 1809 932 1861 vulnere,
969 1808 1096 1854 obiit
1122 1820 1284 1854 tamen
1307 1819 1532 1860 cunctos,
1570 1817 1619 1852 et

36 1877 128 1903 nitas
173 1884 253 1917 erga

37 1926 182 1961 milites.
273 1889 476 1950 quisque
523 1888 817 1938 desideratus
866 1891 938 1936 uti
975 1892 1261 1952 sepeliretur
1295 1903 1344 1937 et
1384 1895 1523 1936 Persa
1560 1905 1619 1935 ex

270 1972 375 2034 pari
399 1970 558 2017 iubet:
596 1975 799 2036 quisque
824 1975 1102 2021 vulneratus
1131 1986 1186 2019 ut
1219 1985 1493 2028 curaretur,
1533 1971 1617 2019 do-

271 2058 396 2102 natis
431 2058 506 2102 his
540 2056 720 2120 regiae,
769 2073 980 2118 quorum
1015 2059 1067 2102 in
1108 2057 1238 2103 bello
1273 2058 1376 2119 ipse
1412 2055 1618 2103 commi-

270 2139 382 2185 litio
430 2138 732 2185 fortitudinis
779 2139 912 2186 testis
958 2152 1058 2185 erat
1097 2152 1181 2186 aut
1214 2140 1371 2187 socius
1407 2138 1618 2185 difficul-

272 2234 398 2269 tatis.

305 2359 356 2389 (a)
369 2356 450 2386 Cod.
467 2354 629 2385 mendose
643 2360 840 2397 aegregiae.
864 2359 954 2394 Lege
969 2365 1082 2395 aegre.
1109 2354 1156 2390 (b)
1169 2357 1249 2386 Cod-
1266 2356 1443 2397 effectibus.
1467 2361 1517 2393 (c)
1528 2358 1612 2387 cod.

271 2413 398 2435 IOEUZGH.

329 2509 386 2553 (1)
424 2509 589 2554 Fpnlam‚
617 2508 727 2553 inquit
753 2509 894 2553 Festus,
919 2511 1054 2556 antiqui
1077 2511 1183 2542 etiam
1209 2510 1434 2556 singulariter
1454 2523 1614 2555 posuero.

330 2568 385 2610 (ὲ)
418 2569 553 2611 Nempe
585 2567 778 2599 ser-lamini.

1253 2610 1274 2625 D

1728 234 1752 388 ‘i

1748 515 1752 548 i

1748 594 1752 601 ,
