1752 3116
344 166 424 204 203
725 165 1079 206 ALEXANDRI
1107 165 1290 207 ACTVS

343 294 571 331 „suorum
605 280 876 343 arrogantia
911 277 1188 326 delectatur.
1241 284 1393 344 Ergo,
1429 283 1501 328 mi
1535 286 1681 335 Fore,

344 361 472 414 „iam
507 362 681 424 opibus
717 361 970 426 fatigium,
1007 364 1172 409 animo
1204 375 1367 410 tamen
1403 365 1463 410 ad
1496 377 1684 411 senten-

345 474 364 498 »
377 444 497 489 tiam
544 445 706 491 milito
727 478 738 499 ,
794 445 835 490 si
898 445 1046 492 modo
1093 446 1267 491 faveas.
1322 450 1503 493 Rursus
1551 449 1684 493 enim

345 529 620 588 „proelium
664 528 877 574 meditor
917 531 1082 590 siquos
1129 528 1328 590 quidem
1350 530 1401 561 (a)
1446 529 1509 575 ad
1553 547 1684 576 com-

345 610 656 663 ¹„munionem
692 611 813 658 duco
849 612 1130 657 sententiae.
1201 611 1343 673 Quod
1386 612 1427 657 si
1471 624 1527 657 tu
1572 629 1689 674 quo-

344 709 470 754 „que
503 705 605 739 tam
639 695 793 741 iustae
826 694 1153 757 indignationi
1187 706 1379 741 nostrae
1414 695 1688 748 accesseris,

344 807 363 829 „
377 787 607 838 tuamque
658 778 887 823 i'niuriam
944 778 1293 824 existimaveris
1339 794 1462 838 quae
1509 779 1560 822 in
1608 795 1689 823 me
1732 773 1736 779 ’

343 872 584 924 „grassata
605 858 651 893 (ὅ)
686 873 781 913 est,
818 871 898 905 aut
918 859 1115 921 pavebis
1151 859 1246 905 tibi
1267 860 1340 914 (⁶³5
1378 860 1578 925 dignum
1597 861 1690 907 erit

344 973 363 996 »
377 956 424 989 et
457 945 702 991 maiorum
735 955 1016 990 nostrorum
1063 955 1107 989 te
1128 941 1182 976 (ά)
1215 944 1297 988 isti
1339 943 1692 1005 conspirationi

345 1056 363 1079 »
377 1028 624 1073 consulere
658 1028 851 1089 tuisque
886 1026 1158 1073 commodis
1194 1043 1293 1072 non
1330 1025 1503 1072 deesse.
1539 1027 1694 1091 Igitur

344 1126 433 1163 „ex
469 1111 702 1171 opinione
736 1121 900 1156 nostra
934 1111 1130 1162 feceris,
1167 1110 1207 1155 si
1228 1121 1391 1171 gentes
1418 1126 1565 1170 quam
1589 1111 1696 1171 plu·
1749 1165 1752 1170 .

344 1192 523 1244 „rimas
558 1209 840 1257 congreges,
897 1208 1139 1254 quamque
1190 1191 1406 1253 primum
1444 1208 1586 1255 queas
1633 1191 1693 1237 ad

344 1284 543 1334 „portas
581 1274 771 1336 Caspias
807 1275 988 1323 tendas,

444 1360 662 1402 XXXIII.
707 1359 883 1411 „Enim
920 1376 981 1405 ne·
1017 1359 1079 1405 sit
1112 1358 1295 1403 militia
1343 1357 1436 1404 tibi
1480 1357 1693 1403 militan-

345 1439 502 1494 >‚tium
538 1439 805 1495 inhonora,
843 1442 1087 1489 dabuntur
1122 1459 1148 1488 a
1183 1459 1263 1487 me
1308 1441 1508 1506 singulis
1542 1457 1696 1487 arma-

345 1534 544 1577 „torum
591 1524 725 1569 aurei
775 1537 870 1572 tres
923 1526 1246 1588 pedestrium,
1303 1525 1522 1586 equitum
1578 1541 1693 1570 vero

346 1636 366 1660 ‚‚
377 1606 606 1668 quinque,
634 1618 889 1670 ceteraque
903 1626 1022 1670 quae
1042 1608 1288 1654 alimoniis
1313 1607 1613 1654 abundarint
1633 1609 1693 1653 (ι’).

346 1689 584 1742 „Praedae
630 1705 825 1752 quoque
868 1691 1072 1738 bellicae
1114 1708 1224 1753 pars
1269 1689 1498 1735 media(f’
1539 1702 1696 1736 vestra

348 1769 474 1824 „fian
524 1776 585 1816 At
621 1773 754 1818 enim
789 1774 883 1819 tibi
917 1773 1113 1836 privuni
1163 1790 1337 1819 munus
1381 1773 1510 1820 istud
1553 1773 1698 1820 habe·

347 1853 476 1908 „bis,
513 1853 646 1915 quod
679 1855 898 1903 indidem
941 1857 1298 1922 regalissimnm
1341 1870 1414 1902 est
1460 1856 1701 1920 bucepha-

350 1937 482 1990 „lam
519 1954 719 1998 equum,
769 1940 954 1986 scilicet
996 1957 1092 1986 una
1140 1958 1252 1987 cum
1298 1941 1441 2004 regiis
1487 1941 1698 2002 phaleris

349 2020 610 2084 „regioque
661 2023 821 2077 cultu,
867 2023 1248 2085 concubinisque
1296 2022 1525 2069 omnibus
1581 2041 1695 2084 quas

395 2161 459 2194 (a)
484 2160 566 2189 cod.
591 2163 653 2190 etsi
676 2171 755 2201 quos
777 2174 886 2203 quem.
925 2163 983 2200 (b)
1010 2165 1093 2193 eod.
1119 2173 1286 2195 crassata.
1328 2165 1385 2198 (c)
1406 2166 1491 2193 Cod.
1510 2163 1646 2202 pavebis
1669 2174 1703 2195 ce

349 2211 498 2252 dignum
517 2217 583 2241 etc.
624 2213 690 2248 (d)
715 2215 799 2243 Cod.
821 2222 865 2245 ee.
907 2215 964 2250 (e)
990 2215 1073 2244 cod.
1099 2214 1327 2244 abundarent.
1361 2214 1418 2249 (f)
1443 2215 1528 2244 Cod·
1550 2225 1636 2253 pars
1657 2226 1702 2247 ea:

351 2260 478 2290 media.

349 2323 1707 2341 ————--———-·-——————-——-—-.———--

354 2377 483 2411 rosque
506 2375 629 2411 rogat,
667 2369 853 2402 thesauros
883 2378 1002 2404 autem
1023 2372 1138 2416 regios
1169 2381 1202 2404 et
1224 2374 1419 2408 maximum
1449 2373 1592 2418 imperii
1618 2385 1700 2418 par-

357 2430 429 2456 tem
459 2423 572 2456 victor
606 2424 742 2460 habeat.
791 2427 860 2460 Sed
894 2428 989 2460 euim
1029 2429 1069 2461 ab
1102 2430 1302 2462 Alexandro
1327 2443 1437 2477 quum
1466 2430 1556 2465 nihil
1582 2431 1696 2474 impe-

357 2487 488 2522 traret,
531 2480 820 2524 scriptis'litteris
854 2485 898 2516 ad
924 2487 1056 2519 Pomm
1081 2486 1203 2518 Indiae
1224 2499 1344 2531 regem
1375 2488 1477 2521 rebus
1501 2487 1573 2519 suis
1593 2487 1698 2521 auxi-

359 2536 449 2568 lium
482 2538 581 2581 petit.
