1752 3116
547 130 650 170 SEV
681 130 854 171 LIBER
883 131 921 172 Ι,
1329 137 1348 168 1
1366 131 1404 172 ἰδ

63 245 237 306 scripta
277 245 360 301 sit,
407 261 508 289 sese
543 248 739 291 Numen
774 242 898 289 illud
933 243 1104 288 mundi
1140 244 1289 289 totius
1325 242 1407 289 do-

63 327 252 373 minum
283 340 645 391 recognosceret
674 340 722 373 et
746 327 902 373 eidem
923 329 975 360 (a)
998 327 1267 374 evidentius
1293 326 1405 371 inti-

61 421 228 455 maret.
285 415 412 474 Ergo
450 412 623 473 quietis
656 411 882 472 proximo
920 425 1137 472 tempore
1161 410 1212 442 (¹)
1248 410 1406 455 eidem

0 543 2 560 ἶ
61 497 189 538 Deus
238 493 481 540 confessus
516 512 565 541 se
610 495 708 557 regi
756 495 1090 558 magnitudine
1137 494 1317 555 pariter
1352 508 1406 536 ac

60 564 310 622 maiestate
330 575 380 608 (²)
416 577 484 622 sic
530 577 618 621 ait:
677 582 907 631 „Nonne,
964 578 1127 638 inquit
1171 577 1405 622 memine-

59 677 194 716 ,‚ras,
239 659 530 713 Alexander,
574 659 925 706 sacrificantem
959 673 1006 706 te
1042 678 1152 707 cum
1189 661 1407 722 primum

59 775 78 798 »
93 756 199 790 exta
233 744 376 790 sacris
405 744 680 796 invehereS‚
718 744 869 789 totius
904 744 1075 789 mundi
1097 744 1288 790 orbisve
1324 741 1406 787 do-

59 829 228 881 „mino
255 827 526 880 sacravisse,
559 826 756 889 eiusque
780 828 956 873 auxilia
977 826 1238 889 petivisse?
1276 830 1407 888 Quae

59 928 204 966 „cum
236 910 393 956 dicata
418 909 544 955 mihi
579 910 755 956 merito
798 928 992 973 quoque
1028 912 1124 956 sint
1160 911 1209 955 in
1245 925 1407 955 meam

60 1011 224 1049 „aram
245 990 291 1026 (ὃ)
324 1005 642 1047 transvecta,-
670 995 788 1055 quid
835 994 1130 1041 dubitationi
1178 993 1407 1039 relictum

11 1133 28 1137 ,
59 1109 77 1131 ‚,
94 1089 216 1132 erat,
265 1077 384 1139 quin
421 1093 535 1123 eum
571 1094 649 1123 me
691 1077 926 1133 crederes,
975 1093 1121 1140 quem
1156 1077 1407 1122 auxiliato-

57 1178 189 1215 „rem
223 1160 316 1206 tibi
350 1160 665 1224 religionibus
702 1174 935 1223 captasses
959 1159 1073 1205 (⁰>«‘?

156 1247 374 1289 XXXIII.
409 1242 484 1288 Ad
517 1244 635 1289 haec
659 1244 932 1290 Alexandro
972 1243 1029 1289 de
1066 1242 1197 1289 urbis
1215 1241 1268 1276 (d)
1303 1260 1408 1305 per·
1482 1251 1643 1286 Alexan-

59 1329 298 1391 petuitate
321 1327 593 1388 quaerenti,
634 1338 681 1372 et
708 1343 766 1372 an
802 1329 1016 1373 nominis
1052 1327 1125 1372 sui
1152 1327 1406 1372 inhaesura
1425 1306 1642 1409 Ξὲῗξὶῐοωὲζ

61 1410 327 1473 appellatio
365 1407 640 1465 videretur,
687 1411 816 1456 visus
855 1424 924 1456 est
958 1414 1090 1456 Deus
1126 1426 1271 1455 manu
1307 1427 1408 1455 sese
1428 1428 1536 1455 terna.

58 1491 452 1555 apprehendisse,
490 1493 696 1555 exinque
721 1493 780 1539 ad
810 1493 998 1540 editum
1024 1494 1304 1555 celsumque
1328 1494 1407 1550 ad?

56 1576 259 1623 modum
290 1588 514 1622 montem
533 1592 629 1622 una
652 1575 866 1631 duxisse,
903 1589 1048 1638 atque
1074 1576 1259 1623 ibidem
1297 1593 1408 1623 con-

57 1660 245 1707 sistenti
279 1664 538 1715 „Potesne,
574 1660 667 1714 ait,
706 1677 735 1708 ο
760 1660 1029 1708 Fortissime
1062 1662 1249 1706 molem
1282 1663 1407 1706 hanc

57 1743 270 1799 „montis
305 1743 357 1788 in
392 1743 579 1789 diversa
607 1742 980 1790 transducere“‘?
1018 1744 1278 1808 Negitante
1301 1744 1407 1790 Ale-

57 1827 238 1874 xandro
254 1861 264 1881 ‚
294 1825 557 1872 addidisse:
595 1830 756 1881 >,Haec
782 1844 895 1892 ergo
918 1826 1188 1874 similitudo
1214 1839 1284 1873 est
1304 1828 1405 1873 eius

56 1913 274 1966 „scilicet
308 1908 639 1964 difficultatis,
679 1926 824 1972 quam
853 1909 913 1956 de
940 1912 1015 1956 tui
1050 1911 1264 1957 nominis
1300 1928 1408 1956 mu-

57 1996 275 2050 „tatione
311 1994 549 2056 quaesisti.
586 1997 654 2039 Ut
689 1994 819 2039 enim
845 2005 1046 2039 naturae
1080 1993 1267 2040 viribus
1301 2010 1407 2056 spes

91 2131 144 2164 (a)
169 2129 251 2158 cod.
275 2130 377 2159 habet
397 2129 527 2164 eidem.
558 2128 617 2158 sed
639 2130 782 2159 videtur
804 2130 990 2161 dicendum
1014 2131 1116 2162 idem.
1151 2129 1198 2165 (b)
1223 2132 1308 2162 Cod.
1331 2142 1408 2161 mea

55 2190 136 2210 ara.
176 2181 222 2213 (c)
247 2181 330 2209 cod.
353 2180 632 2235 deptasses.§(d)
655 2180 735 2210 cod.
759 2177 854 2211 orbis.

115 2274 181 2325 (1)
209 2278 389 2324 Serapidis
419 2281 602 2317 oraculum
632 2279 708 2326 peti
744 2280 890 2315 solitum
922 2290 986 2324 per
1023 2281 1161 2314 somnia
1190 2281 1278 2315 dicit
1307 2282 1406 2315 Stra-

62 2334 106 2368 bo
134 2344 238 2370 xvn.
270 2347 305 2380 p.
327 2340 402 2371 801.

117 2389 176 2437 (2)
206 2391 366 2426 Ruffinus
389 2392 481 2426 Hist.
506 2390 588 2425 eccl.
613 2402 670 2426 Χῐ.
692 2399 746 2426 25.
780 2390 1043 2435 Simulacrum,
1075 2395 1146 2437 ait,
1179 2394 1328 2439 Serapis
1356 2394 1407 2426 ita

58 2457 136 2481 erat
169 2457 331 2492 vastum,
365 2458 401 2483 ut
437 2449 572 2482 ‘lextra
600 2461 709 2483 unum
741 2450 917 2495 parietem
943 2449 1081 2496 (aedis)
1115 2449 1267 2485 alterum
1302 2449 1407 2484 laeva

59 2506 326 2551 perstringeret.
