1752 3116
378 159 455 196 178
561 153 913 195 ALEXANDRI
943 155 1125 195 ORTVS
1156 155 1257 194 SEV
1290 155 1460 196 LIBER
1489 156 1523 195 1.

373 269 426 313 it.
474 273 598 332 Ergo
630 284 741 313 cum
768 267 986 328 primum
1015 267 1244 313 luctando
1279 267 1550 314 adversario
1582 283 1718 328 prae-

373 352 584 404 stitisset,
619 365 944 410 coronamque
968 347 1146 394 laboris
1174 350 1416 412 exegisset,
1453 350 1586 396 iubet
1606 351 1714 396 Ale-

374 434 552 480 xander
585 445 739 478 cetera
775 447 966 493 quoque
992 430 1198 476 eundem
1222 433 1353 493 prius
1376 433 1568 494 exsequi
1593 449 1713 494 quae

373 517 695 580 promisisset,
734 530 950 576 quaeque
985 513 1025 557 si
1072 515 1178 575 pari
1229 514 1426 560 fortuna
1470 513 1715 560 obtineret

372 601 498 645 nihil
533 599 754 645 omnium
790 597 894 642 fore
930 595 1060 657 quod
1095 596 1188 642 sibi
1230 598 1419 658 petenti
1459 614 1544 643 rex
1576 614 1716 661 nega-

373 696 459 730 ret.
503 683 657 746 Igitur
690 696 801 725 usus
837 678 1129 724 fortitudine
1165 691 1307 740 atque
1342 679 1561 733 fortuna,
1601 696 1715 725 cum

372 779 495 814 esset
528 763 736 810 cestibus
769 762 935 825 potior
971 773 1019 808 et
1053 762 1292 826 pugillatu
1326 763 1518 809 felicior
1558 761 1712 816 foret,
1743 779 1747 784 ·

370 849 626 895 revertitur
662 845 721 890 ad
758 862 919 910 regem
954 844 1270 891 coronandus.

140 991 161 1023 d
194 932 355 1023 Meri-‘1³¹¹’
468 934 635 977 LXIX.
672 928 763 974 Sed
807 928 865 973 ab
911 945 969 974 eo
1021 945 1134 974 cum
1180 941 1429 989 quaereret
1468 925 1716 990 praecem)

166 1002 202 1023 Gr
302 1001 355 1022 ΙΕ-

137 1049 197 1081 bas
246 1046 355 1079 resti-

139 1103 354 1148 tuipermit-
370 1099 527 1144 civem
563 1094 892 1158 profiteretur,
931 1106 987 1138 ut
1028 1094 1155 1139 illud
1190 1112 1247 1140 ex
1292 1113 1429 1142 more
1474 1093 1718 1157 praedica·

138 1169 194 1195 nt.

371 1032 506 1062 more
541 1011 803 1073 sollempni
847 1011 954 1072 quis
999 1024 1120 1057 esset
1164 1013 1364 1058 nomine
1413 1027 1620 1073 quemve
1665 1026 1714 1054 se

368 1192 527 1231 retur,
576 1178 950 1237 clytomachum
998 1177 1197 1239 quidem
1242 1196 1291 1224 se
1336 1177 1571 1240 appellari
1623 1176 1715 1228 ait,

369 1263 618 1310 civitatem
654 1276 768 1305 vero
804 1258 983 1307 habere
1020 1260 1208 1307 desisse.
1273 1261 1363 1308 Sed
1399 1260 1451 1306 id
1488 1277 1601 1305 cum
1637 1275 1715 1305 co-

367 1347 500 1394 ronis
550 1342 754 1390 redditis
798 1343 899 1390 iam
947 1343 1108 1389 deesse
1155 1343 1336 1390 diceret
1379 1341 1646 1390 Alexander
1668 1336 1714 1373 (¹²)

367 1430 550 1495 gloriae
608 1426 843 1472 victoriae
868 1425 913 1459 (ε)
955 1428 1112 1481 illius,
1161 1426 1296 1472 addit
1343 1427 1712 1488 Clytomachus‚

368 1514 492 1559 olim
536 1527 585 1556 se
630 1508 854 1556 habuisse
901 1510 1050 1556 etiam
1105 1510 1378 1561 civitatem,
1432 1509 1514 1555 sed
1561 1509 1714 1570 prius-

367 1610 514 1657 quam
547 1591 817 1640 Alexander
852 1610 1054 1657 regnum
1091 1592 1288 1655 adeptus
1324 1592 1451 1638 foret
1463 1609 1478 1644 3
1517 1608 1574 1637 eo
1599 1607 1716 1637 vero

364 1678 638 1739 imperante
672 1674 766 1720 sibi
797 1677 1007 1737 patriam
1027 1675 1282 1738 deperisse.
1316 1676 1443 1721 Hinc
1466 1676 1717 1720 intellecto

368 1762 719 1823 quo'pergeret
751 1758 963 1804 intentio
1000 1758 1323 1822 deprecantis,
1361 1758 1435 1803 uti
1470 1774 1610 1803 suum
1647 1775 1717 1803 es-

365 1855 438 1888 set
472 1841 604 1904 quod
636 1841 723 1886 ille
757 1839 886 1887 foret
920 1858 1009 1903 pro
1056 1844 1212 1904 patria
1247 1842 1512 1905 petiturus,
1562 1841 1715 1887 edice·

362 1942 415 1971 re
435 1923 492 1958 (ά)
525 1941 818 1986 praeconem
851 1924 1011 1978 iubet,
1057 1925 1203 1971 condi
1237 1924 1428 1971 Thebas
1470 1941 1570 1971 esse
1611 1942 1716 1987 per-

362 2007 567 2054 missum
599 2007 651 2051 in
687 2007 874 2053 honore
911 2009 1096 2055 scilicet
1129 2010 1280 2055 trium
1313 2012 1548 2061 Deorum,
1585 2011 1715 2054 Mer-

363 2091 486 2136 curii
509 2091 590 2153 qui
615 2103 832 2153 repertor
856 2091 1070 2137 luctandi
1100 2093 1257 2146 cluat,
1288 2093 1609 2153 Herculisque
1630 2092 1714 2153 qui

361 2175 625 2239 pugillatus
645 2175 904 2229 invenerit,
921 2175 1136 2219 Pollucis
1154 2175 1304 2219 etiam
1325 2175 1409 2236 qui
1430 2174 1635 2220 cestibus
1654 2176 1716 2220 sit

359 2257 600 2322 magister.
634 2263 802 2319 quue
823 2257 1055 2304 effectum
1075 2268 1146 2302 est
1168 2257 1242 2302 uti
1264 2259 1514 2303 oraculum
1529 2256 1714 2320 Apolli-

360 2342 434 2386 nis
457 2353 743 2404 congrueret
763 2358 875 2386 cum
898 2341 1155 2387 Alexandri
1180 2341 1597 2402 pronuntiatione.

394 2483 445 2513 (α)
469 2480 553 2508 (ἶιιά.
578 2487 608 2509 et
624 2490 756 2518 praeco.
785 2479 829 2515 (h)
855 2482 938 2510 eod.
967 2483 1071 2518 prim-2
1095 2490 1197 2510 mauu
1222 2479 1446 2513 Alexander.
1475 2487 1555 2508 mox
1579 2478 1709 2509 factum

362 2530 572 2560 Alexandri.
598 2532 642 2565 (c)
658 2532 738 2560 cod.
756 2532 866 2561 vincor.
892 2531 944 2565 (ci)
961 2533 1030 2561 Cod
1055 2531 1154 2560 edicz.
1183 2530 1243 2558 Vel
1257 2529 1313 2558 die
1326 2529 1487 2567 edectper
1497 2537 1698 2566 praeconem
