1752 3116
593 277 946 318 ALEXANDRI
1391 280 1442 318 39

191 393 428 437 XXXVII.
464 389 645 439 Audito
680 404 840 437 tamen
879 404 1130 453 captarum
1162 392 1301 438 Darii
1339 409 1442 436 mu·
1484 416 1589 451 Darii
1618 415 1674 448 fa-

91 473 273 519 lierum
296 475 351 507 (α)
385 476 597 529 ululatu,
647 475 821 537 quibus
864 476 964 521 visa
1009 492 1142 520 arma
1177 475 1315 521 Darii
1360 476 1439 520 vel
1456 474 1593 537 mili-dm
1613 484 1673 535 fa·

85 572 254 603 currus
290 559 576 619 opinionem
623 559 747 605 caesi
781 558 904 623 regis
931 557 1243 621 adferebant,
1291 558 1438 603 exisse
1455 540 1674 621 ΞῙΞΪῘΠΙΑΙΙΞΞ

87 639 150 685 ad
185 658 260 686 eas
281 637 328 671 (ἦ)
369 641 524 687 fertur
559 653 607 687 et
650 641 922 688 honorifice
957 640 1157 694 vidisse,
1214 641 1438 705 regieque
1456 642 1603 678 xander·

88 723 337 770 observari
371 725 575 771 iussisse.
630 725 727 770 Ubi
758 724 969 778 additur,
1007 725 1369 786 Hephaestiona
1393 723 1438 757 (ε)

86 823 183 853 una
218 825 330 854 cum
361 807 598 854 vidissent
632 808 938 854 indiscretius
976 809 1134 861 cultu,
1195 806 1254 852 de
1290 819 1436 852 auctu

86 892 305 952 corporis
340 891 516 937 melius
553 891 796 952 opinatus,
843 893 1004 953 ipsum
1038 907 1127 953 pro
1162 889 1433 936 Alexandro

82 975 326 1020 salutasse.
396 975 487 1021 Sed
523 974 655 1019 enim
691 992 906 1020 errorem
941 976 1070 1020 hunc
1105 985 1260 1019 matre
1296 972 1435 1018 Darii

80 1055 419 1112 erubescente,
477 1057 651 1105 dixisse
685 1075 874 1122 regem,
922 1058 1048 1102 nihil
1098 1073 1205 1103 eam
1259 1056 1432 1101 erroris

80 1140 183 1186 eius
217 1141 466 1202 paenitere
501 1141 695 1188 debere:
733 1142 786 1186 in
823 1153 1034 1204 utroque
1071 1141 1203 1192 enim
1238 1158 1287 1186 se
1323 1140 1433 1188 Ale-

78 1223 318 1268 xandrum
353 1225 635 1274 salutatum,

177 1309 439 1351 XXXVIII.
477 1307 652 1352 Darius
678 1319 840 1352 tamen
869 1306 1087 1353 collectis
1110 1321 1168 1351 ex
1195 1305 1306 1369 fuga
1340 1303 1432 1350 fer·
1533 1319 1664 1354 Darius

77 1406 158 1435 me
193 1388 252 1433 ad
287 1393 405 1433 ·1111·
452 1387 652 1434 milibus
689 1391 936 1450 equitum,
992 1390 1271 1450 Euphraten
1308 1387 1433 1449 petit
1450 1378 1667 1469 ῑᾶΒῬῈὲἶ

74 1470 442 1534 insequentibus
477 1471 906 1532 interponendum.
975 1478 1037 1518 At
1072 1473 1205 1518 enim
1227 1472 1431 1517 Alexan·
1448 1449 1591 1527 Χῐῗέρξ
1627 1489 1662 1523 in

75 1556 161 1602 der
195 1571 468 1618 praecoque
502 1571 791 1616 properans,
845 1556 988 1602 Coele
1021 1556 1273 1617 conposita
1309 1554 1428 1600 eius·
1449 1550 1663 1614 Syriamve-

75 1656 167 1701 que
211 1637 412 1684 urbibus
457 1636 777 1693 confirmatis,
826 1639 1046 1701 poenicis
1063 1637 1117 1671 (d)
1145 1637 1195 1670 (ι)
1233 1655 1428 1700 quoque
1446 1616 1513 1641 mt.

72 1723 238 1783 Syriae
262 1738 336 1767 res
358 1721 549 1773 invisit,
587 1733 634 1767 et
654 1724 882 1769 Stratona
903 1706 1170 1769 Geros‘trati
1194 1721 1423 1774 filiumffl,

73 1806 159 1867 qui
185 1805 340 1851 Persis
368 1804 619 1851 navalibus
635 1804 674 1839 ‘f
678 1806 692 1837 )
725 1818 964 1867 praeerat,
1001 1807 1271 1868 supplicem
1309 1806 1427 1851 reci-

70 1890 146 1951 pit
179 1888 354 1934 libenti
390 1904 500 1933 cum
537 1888 675 1933 venia
712 1906 853 1934 suum
881 1888 1083 1940 factum,
1139 1888 1211 1934 Ab
1252 1906 1307 1935 eo
1344 1906 1426 1934 au-

69 1988 150 2018 rea
187 1987 368 2018 corona
404 1983 660 2017 coronatus
686 1972 927 2020 Aradium
943 1972 996 2010 (ὅ)
1029 1972 1304 2035 multasque
1330 1972 1424 2018 sibi

71 2056 188 2101 alias
224 2055 421 2102 adhibet
456 2055 688 2101 civitates.

170 2141 388 2184 XXXIX.
424 2138 500 2184 Ibi
531 2139 670 2184 Darii
705 2139 854 2185 sumit
883 2138 1121 2200 supplices
1156 2139 1340 2184 litteras
1375 2156 1424 2184 se
1441 2132 1543 2168 Darii
1557 2131 1662 2164 ΠΜ·

74 2222 213 2283 culpa
248 2223 525 2286 purgantis,
563 2239 720 2284 neque
753 2222 875 2268 belli
911 2238 1070 2267 causas
1097 2222 1155 2268 ab
1192 2240 1241 2268 se
1278 2234 1420 2276 ortas,
1442 2189 1658 2281 {232³-

105 2401 157 2433 (a)
182 2399 265 2428 Cod.
290 2399 481 2429 multorum.
516 2397 562 2433 (b)
586 2399 668 2428 cod.
690 2409 754 2429 eos.
795 2401 840 2433 (c)
862 2400 943 2428 cod.
969 2400 1157 2435 Efestiona.
1193 2399 1246 2432 (d)
1272 2401 1322 2428 lta
1347 2398 1424 2427 cod.

71 2459 141 2487 pro
164 2450 348 2489 phoeniczs.
380 2453 424 2483 (e)
444 2450 527 2479 cod.
544 2448 634 2485 filio.
671 2449 730 2485 (f)
746 2449 828 2478 cod.
852 2447 1039 2480 canalibus.
1068 2454 1120 2490 (g)
1136 2450 1218 2480 eod.
1242 2446 1420 2479 Arabium·

129 2592 188 2640 (1)
218 2595 274 2631 De
305 2595 503 2629 archaismo
534 2596 631 2632 vocis
660 2596 807 2643 poenica
837 2596 916 2644 lege
942 2592 1154 2633 Eckfielium
1184 2596 1296 2632 doctr.
1328 2608 1420 2631 num·

70 2660 140 2684 voc.
173 2653 216 2686 Τ.
240 2653 305 2686 111.
336 2657 472 2700 p.(388.
