1752 3116
364 177 415 216 78
833 175 1227 217 ITINERARIVM

364 305 458 351 que
491 287 756 336 Alexander
791 305 895 335 crus
930 288 1100 354 sagitta
1135 290 1428 337 vulneratur.
1498 290 1590 338 Sed
1625 288 1704 338 die

365 385 533 434 quarta
568 372 687 418 beni
718 372 770 417 in
806 388 951 433 opere
984 388 1099 433 prae
1130 388 1270 418 muro
1299 373 1557 420 interfecto
1594 392 1705 439 rege

363 473 414 502 se
450 456 644 501 dedunt.
712 454 862 516 quue
895 454 1166 501 Alexandro
1212 456 1400 502 volenti
1443 457 1707 503 admodum

363 538 483 593 fuit,
519 551 575 584 ut
609 537 884 585 conmilitio
920 538 1211 584 accederent.
1280 537 1371 583 Sed
1411 539 1498 585 ubi
1530 539 1709 602 produ-

367 623 434 668 cti
467 621 610 667 fidem
647 632 865 674 mutant,
901 621 1072 666 vallati
1107 620 1384 667 caeduntur.

173 734 350 780 Bazipha-
468 708 605 750 CVII.
639 704 769 749 Hinc
793 708 1019 750 Coenona
1050 703 1224 750 ducem
1256 704 1413 749 mittit
1445 705 1736 767 Baziphara·

133 803 171 824 ra
200 794 351 826 etflora
369 788 614 841 obsidere,
659 787 975 848 Attalumque
1019 790 1152 832 Hora
1185 786 1382 840 urbem,
1425 799 1554 834 ratus
1600 804 1713 833 casu

135 848 239 881 urbes
291 860 352 882 ω’
368 878 604 920 Accarum
652 886 730 916 eas
776 870 837 916 ad
883 869 1172 932 obsequium
1218 870 1421 916 ductum
1463 870 1540 916 iri.
1618 870 1715 918 Sed.

161 913 216 938 ἴω.

132 918 155 950 P
368 956 443 1001 his
489 956 600 1001 loco
648 954 799 1017 magis
835 970 980 1015 quam
1016 954 1238 1015 exemplo
1279 951 1563 1007 fidentibus,
1611 954 1714 1015 ipse

367 1051 626 1100 utramque
671 1037 867 1092 urbem,
924 1038 1144 1100 quamvis
1186 1037 1377 1101 inpigre
1420 1035 1712 1090 obluctatas,

368 1123 630 1184 Baziphara
660 1122 761 1167 sive
785 1126 971 1168 Horam
992 1126 1043 1154 (αι’
1078 1121 1216 1166 nullo
1247 1119 1446 1185 negotio
1477 1120 1713 1166 transiens

369 1206 523 1266 capit:
581 1220 878 1266 quamquam
932 1204 1225 1264 Bazipharae
1279 1204 1376 1248 viri
1428 1214 1717 1265 contemptu

368 1303 637 1352 paucorum
671 1286 877 1332 advenas
911 1287 1180 1332 irruissent.
1241 1285 1338 1331 Ubi
1373 1297 1536 1331 tamen
1571 1287 1718 1348 pleri·-

372 1388 467 1434 que
502 1370 737 1424 cecidere,
791 1371 994 1432 quisque
1027 1379 1242 1415 evaserat
1273 1380 1466 1431 petram
1497 1370 1721 1416 munitis·

374 1454 550 1500 simam
585 1451 849 1499 confluunt.

182 1553 259 1590 Arx
277 1567 359 1589 mu·
477 1541 636 1584 CVIII.
690 1541 734 1583 Is
779 1537 916 1582 locus
959 1547 1125 1597 petrae
1169 1535 1385 1581 ducentis
1428 1533 1596 1582 stadiis
1632 1535 1721 1581 cir·

180 1613 358 1675 nitifsima
377 1622 611 1674 cumitur‚
648 1620 851 1685 erigitur
877 1619 1068 1674 decem,
1106 1617 1243 1664 aditu
1272 1619 1436 1671 tenui,
1473 1619 1638 1664 mollis
1668 1619 1719 1664 in

185 1679 334 1715 capnur.
377 1704 614 1756 culmine,
673 1715 721 1748 et
752 1702 971 1748 fontium
1000 1716 1210 1757 scatens,
1265 1703 1548 1765 patiensque
1581 1701 1722 1747 indu·

376 1787 544 1832 sti-iam
574 1786 712 1831 mille
738 1786 996 1832 hominum
1027 1787 1332 1832 ruscularum
1356 1781 1416 1831 (b).
1469 1787 1624 1850 Igitur
1663 1785 1721 1832 eo

377 1870 574 1915 veniens
622 1869 751 1930 capit
794 1868 1026 1929 plurimas
1073 1870 1305 1915 civitates.
1375 1874 1501 1916 Tum
1533 1881 1723 1932 petram

377 1952 596 2017 adgresso
630 1950 1034 2013 obsidionemque
1068 1954 1297 1999 molienti
1332 1953 1604 2019 transfugae
1639 1953 1724 1999 du-

378 2052 454 2082 ces
498 2035 660 2096 coepti
702 2035 978 2080 moliminis
1016 2038 1147 2082 viam
1183 2049 1415 2098 praeeunt
1451 2038 1495 2082 ei
1538 2037 1724 2083 inscen-

379 2135 471 2166 sus.
534 2122 702 2181 Itaque
738 2119 865 2180 capti
905 2116 1191 2183 deductique
1224 2119 1427 2182 praedae
1469 2119 1604 2166 fuere
1640 2120 1724 2182 qui

378 2201 511 2248 bello
546 2203 834 2248 restiterant.

203 2283 366 2319 Alexan-
484 2288 600 2332 CIX.
657 2290 719 2331 At
767 2287 899 2333 enim
941 2286 1167 2332 nuntiato
1204 2302 1392 2331 rursum
1429 2291 1575 2333 Accas
1619 2304 1726 2332 mu·

160 2342 217 2373 ¹er
270 2340 364 2373 venit
567 2369 576 2378 ,
931 2371 940 2379 ι
1165 2369 1173 2377 ι
1398 2370 1407 2378 .

164 2403 195 2423 m
230 2397 363 2431 flumen
382 2386 460 2416 ros
483 2370 527 2401 (ε)
564 2367 702 2414 indos
730 2385 1019 2432 oppressisse
1050 2367 1521 2424 studio-fidentiore,
1557 2382 1606 2416 et
1636 2370 1729 2416 ele-

167 2455 286 2488 “¹011ss-

427 2527 550 2557 (a)1ta
582 2523 655 2552 cod.
680 2530 709 2551 at
735 2524 895 2559 superius
920 2523 1027 2553 Hora.
1068 2521 1116 2557 (b)
1138 2525 1187 2551 Ita
1221 2522 1297 2552 eod.
1330 2521 1400 2549 nisi
1429 2521 1539 2549 mavi·
1569 2520 1732 2550 ruricola-

383 2583 471 2603 rum.
503 2577 554 2609 (c)
578 2573 660 2603 eod.
690 2574 898 2603 Sacamuros.
