1732 3121
532 192 635 232 SEV
665 190 840 231 LIBER
866 189 945 230 ΠΙ.
1335 189 1413 229 283

79 325 100 347 »
113 308 188 349 Ibi
206 309 371 349 demum
392 318 436 348 ec
462 302 578 364 sons
593 306 733 363 fictus
760 314 825 345 esc
844 314 885 346 et
902 307 1055 360 aquila
1075 320 1210 346 aurea
1226 304 1420 357 supersi·

76 396 98 420 »
111 382 253 422 scebat
273 382 386 422 adeo
414 378 623 439 effigiata
653 378 836 419 daedale
869 388 918 419 ub
948 379 1101 431 pansis
1135 379 1220 418 alis
1259 391 1420 417 omnem

75 454 233 494 »illius
266 455 414 506 operis
467 452 675 492 ambitum
720 459 912 503 tegeret.-
955 465 1137 507 namque
1169 460 1211 492 ee
1247 450 1422 491 arbores

76 527 308 577 »scalptae
338 536 379 567 et
405 527 538 580 myrti
565 524 773 581 quaedam
804 539 998 566 ramosae
1029 525 1187 565 ibidem
1217 525 1425 564 notaban-

76 609 209 646 νων,
240 601 382 640 omnis
404 600 515 640 istae
530 600 582 638 de
603 611 722 638 auro-
753 597 902 637 Multa
923 606 1154 650 praeterea
1174 593 1425 652 illic-fuere,

76 687 100 710 >›
110 687 220 726 quae
239 675 442 728 quoniam
469 683 603 723 neque
627 669 949 711 habundantiae
969 685 1073 711 suae
1103 685 1238 726 neque
1261 670 1427 722 magni-

76 747 282 786 »tudinis
297 746 487 794 preciive
498 739 646 799 facile
671 741 1108 801 offenderitccfidem‚
1138 758 1287 785 censeo
1298 757 1429 796 prae-

77 819 414 858 »termitcenda
471 818 603 857 Nunc
630 817 721 856 cale
735 814 772 860 ’ζ

177 892 458 939 LXXXVII.
501 889 590 933 His
625 887 815 948 scriptis
851 903 965 932 cum
996 903 1022 931 a
1042 886 1311 948 Babylonia
1335 886 1429 931 iret
1498 900 1631 938 Foetus

79 971 348 1017 Alexander
401 971 584 1017 mirum
599 971 654 1001 (α)
709 983 993 1031 portentum
1036 983 1180 1032 atque
1232 970 1427 1015 evidens
1445 968 1632 1037 {³⁰¹‘0m0'

80 1053 142 1100 ad
186 1053 389 1099 exitium
442 1052 553 1100 fuit.
616 1056 858 1100 Nunciata
903 1054 1084 1116 quippe
1127 1063 1199 1098 est
1250 1029 1518 1097 mulierffls‘

77 1135 269 1182 foetum
293 1130 340 1167 (ὅ)
373 1134 616 1181 eiusmodi
648 1138 914 1198 peperisse,
951 1137 1088 1182 cuius
1121 1135 1300 1196 prioris
1328 1152 1432 1181 cor-

78 1219 211 1281 poris
245 1235 354 1281 pars
386 1217 516 1280 pube
553 1230 690 1264 tenus
725 1218 785 1265 ad
819 1219 1073 1265 hominem
1108 1217 1431 1283 congruebat:

82 1303 333 1348 enimvero
385 1317 509 1364 quae
558 1301 776 1348 insecuta
821 1304 1037 1365 corporis
1086 1314 1222 1346 erant
1268 1302 1436 1348 omnia

83 1384 282 1431 beluina
317 1401 610 1448 prorsusque
646 1386 843 1448 qualem
878 1387 1090 1446 Scyllam
1124 1386 1348 1430 homines
1365 1385 1436 1430 fa-

85 1466 338 1514 bulantur:
384 1468 481 1514 nisi
524 1470 620 1516 hoc
667 1485 767 1514 uno
815 1467 1108 1515 deverterat.
1157 1484 1256 1514 non
1303 1468 1437 1515 enim

83 1552 268 1598 caninis
304 1549 546 1615 capitibus
578 1551 850 1614 lupinisve3
888 1552 1021 1598 enim
1043 1551 1256 1598 leoninis
1289 1563 1438 1614 atque

80 1635 367 1696 pardorum,
403 1652 545 1681 suum
581 1634 732 1681 etiam
774 1646 823 1681 et
867 1647 1094 1681 ursorum
1129 1652 1331 1682 omnem
1363 1636 1439 1680 in·

84 1719 291 1784 guinum
347 1717 587 1764 ambitum
642 1730 827 1765 texerat
883 1718 1177 1780 spirantibus
1243 1718 1435 1765 bestiis:

86 1803 277 1850 etiamsi
311 1818 420 1865 pars
454 1819 659 1866 superna
693 1804 1000 1863 humanaque
1025 1814 1244 1847 emortua
1267 1803 1365 1846 iam
1391 1801 1437 1834 (θ)

86 1899 134 1932 et
169 1887 333 1932 colore
368 1898 472 1933 atro
509 1902 623 1933 cum
659 1884 815 1932 desitu
859 1884 1058 1947 spiritus
1103 1883 1349 1930 visebatur
1371 1883 1438 1930 (¹).

84 1971 140 2016 Id
176 1971 382 2016 monstri
417 1969 505 2016 ubi
537 1970 719 2017 mulier
753 1984 875 2030 quae
920 1968 1051 2015 foeta
1094 1966 1254 2014 fuerat
1297 1968 1437 2015 enixa

119 2124 183 2159 (a)
208 2124 289 2154 Cod.
315 2124 440 2153 mirum
460 2131 502 2154 et.
539 2122 598 2158 (b)
624 2124 706 2154 Cod.
722 2124 871 2159 factum.
911 2124 967 2158 (e)
991 2123 1077 2153 Cod.
1103 2125 1222 2154 eciam.

149 2239 207 2283 (1)
241 2240 394 2273 Graecos
414 2239 603 2274 historicos
625 2240 736 2273 etiam
758 2239 843 2274 satis
865 2248 1003 2275 veteres
1025 2254 1044 2276 a
1075 2242 1260 2277 narrandis
1290 2252 1442 2289 porten-

94 2296 137 2328 tis
161 2296 337 2329 eiusmodi
361 2308 431 2329 non
453 2296 674 2330 abhorruisse
700 2297 799 2330 testis
829 2305 878 2330 est
904 2298 1029 2333 Cicero
1061 2299 1107 2334 de
1149 2299 1301 2334 divinat.
1327 2302 1355 2337 Ι.
1383 2304 1437 2336 24.

94 2351 192 2384 cuius
212 2353 299 2386 haec
319 2353 426 2386 verba
448 2361 554 2386 sunt:
589 2354 629 2386 In
652 2351 791 2396 Sileni,
823 2365 925 2400 quem
951 2354 1094 2390 Coelius
1119 2358 1289 2403 sequitur,
1308 2370 1441 2404 graeca

95 2406 243 2442 historia
267 2417 320 2441 est
349 2409 407 2453 (is
440 2419 559 2443 autem
589 2408 866 2458 diligentissime
900 2423 956 2445 res
992 2411 1207 2448 Hannibalis
1236 2423 1441 2460 persecutus

94 2464 164 2510 est)
178 2479 188 2498 .-
221 2464 474 2508 Hannibalem,
503 2479 581 2500 cum
602 2468 751 2512 cepisset
770 2468 970 2515 Saguntum
983 2493 996 2512 ,
1025 2471 1138 2504 visum
1158 2483 1231 2504 esse
1252 2473 1289 2503 in
1310 2471 1441 2505 somnis

92 2533 116 2554 a
143 2523 225 2555 Iove
247 2523 283 2554 in
306 2522 461 2556 Deorum
489 2523 639 2557 concilio
661 2526 805 2558 vocari.-
836 2537 903 2572 quo
926 2539 1003 2560 cum
1025 2529 1197 2569 venisset,
1231 2528 1350 2562 Iovem
1374 2529 1441 2561 im-

92 2592 234 2621 ,erasse
254 2588 290 2612 ut
314 2579 441 2613 ltaliae
461 2577 601 2630 bellum·
616 2578 790 2625 inferret,
828 2582 1019 2629 ducemque
1051 2586 1087 2618 ei
1118 2596 1223 2619 unum
1246 2598 1264 2617 e
1290 2584 1440 2620 concilio
