1752 3116
343 173 355 204 1
366 166 419 206 04
892 169 1132 208 EDITORIS

426 278 466 318 4.
502 275 649 316 Petrus
674 276 846 328 Baylius
882 277 925 315 in
951 277 1090 318 lexico
1123 279 1247 332 (voc.
1273 281 1421 335 Empe)
1454 287 1497 318 et
1526 277 1684 332 Aesopi

340 334 531 372 meminit
564 345 607 373 et
640 334 742 373 Iulii
767 333 954 374 Valerii:
996 335 1042 372 in
1076 349 1125 374 eo
1146 350 1250 375 vero
1281 334 1412 376 falsus
1443 345 1533 384 est,
1575 331 1689 388 quod

341 405 486 445 parum
508 391 773 431 considerato
803 389 968 429 Barthii
991 390 1101 440 loco,
1130 393 1299 446 putavit
1329 393 1429 432 huic
1450 391 1616 430 homini
1638 388 1690 429 ad
1716 413 1718 415 -

340 462 506 485 manum
535 446 668 487 fuisse
700 447 858 486 Iulium
885 447 1126 497 Valerium,
1178 448 1321 504 quod,
1370 458 1420 488 ut
1454 447 1574 497 dixi,
1625 460 1693 486 se-

342 518 415 542 cus
446 513 526 543 est.

429 565 469 600 5.
501 560 566 601 Io.
593 559 794 600 Albertus
825 559 1045 599 Fabricius
1074 561 1294 616 Aesopum
1326 569 1370 598 et
1389 559 1547 599 Iulium
1569 559 1694 602 Vale-

342 618 453 656 rium
475 627 676 657 memorat
699 617 745 655 in
765 631 910 674 graeca
932 616 1194 657 bibliotheca
1227 617 1294 656 ed.
1315 632 1418 656 nov.
1442 619 1494 656 T.
1516 616 1602 656 111.
1624 617 1692 655 in·

343 684 408 712 ter
440 675 666 729 scriptores
697 672 925 712 Alexandri
962 688 1057 713 voc.
1103 681 1290 727 Aesopus,
1325 678 1586 723 Callisthenes,
1616 679 1691 714 Ioh.

345 736 511 770 Hartlieb
531 734 580 765 (¹)
613 735 782 779 Moller,
827 739 870 768 et
901 735 1012 771 Iulius
1041 736 1219 771 Valerius.
1267 729 1379 769 Vide
1415 730 1541 769 etiam
1574 731 1628 769 T.
1649 729 1688 768 Ῑ.

343 801 388 842 p.
415 790 513 827 622.
535 788 584 819 (ἢ)
616 786 743 841 Quod
765 796 902 826 autem
924 796 966 825 et
983 786 1201 826 Fabricius
1221 785 1324 826 falsa
1340 786 1540 841 quaedam
1564 801 1690 841 super

343 844 425 883 hoc
448 843 560 881 libro
588 854 630 882 et
648 843 833 882 Auctore
854 843 976 892 dicit,
1004 844 1069 882 nil
1091 845 1244 882 mirum
1268 854 1357 883 est:
1390 857 1555 883 errores
1578 844 1692 882 enim

345 914 400 939 ex
421 900 557 938 aliena
579 901 830 940 auctoritate
853 901 1082 941 contraxit.

429 960 470 995 6.
502 956 703 1012 Denique
738 957 998 997 novissimus
1038 957 1345 997 Sancticrucius
1380 958 1557 1012 (Exam.
1595 957 1691 996 crit.

344 1013 417 1051 des
440 1012 673 1053 historiens
697 1013 864 1052 d'Alex.
892 1029 937 1068 p.
966 1018 1058 1054 166.
1083 1030 1126 1052 n.
1156 1017 1225 1069 1.)
1258 1014 1578 1069 quatuordecim
1599 1014 1692 1053 sive

343 1069 496 1109 latinas
517 1072 620 1109 satis
647 1071 835 1110 diversas
853 1070 1230 1126 interpretationes
1252 1072 1344 1111 sive
1365 1069 1601 1111 earumdem
1623 1077 1699 1108 co-'

345 1125 460 1164 dices
482 1127 645 1165 vidisse
677 1141 722 1165 se
746 1137 887 1166 narrat
917 1142 1084 1185 graecae
1114 1128 1321 1167 hisroriae
1354 1127 1404 1167 de
1427 1126 1690 1167 Alexandro:

347 1197 433 1236 quo
461 1183 506 1220 in
533 1197 711 1222 numero
746 1184 903 1222 Iulium
936 1198 1107 1238 quoque
1139 1185 1356 1223 Valerium
1388 1184 1440 1223 ab
1471 1198 1521 1222 eo
1552 1185 1694 1224 visum

343 1249 543 1288 autumo,
588 1239 787 1293 quoniam
819 1239 866 1278 'm
905 1241 1110 1294 parisiaco
1144 1240 1288 1280 codice
1324 1241 1436 1280 hunc
1467 1241 1697 1280 Auctorem

404 1411 466 1464 (1)
496 1419 549 1450 Io.
569 1417 740 1451 Alhertus
762 1415 946 1451 Fabricius
968 1416 1138 1450 biblioth.
1161 1427 1213 1462 gr.
1238 1415 1293 1449 ed.
1318 1424 1393 1450 vet.
1425 1416 1469 1451 T.
1490 1417 1540 1450 ΙΙ.
1563 1429 1597 1462 p.
1617 1420 1695 1450 218.

347 1472 397 1507 ait
420 1475 472 1506 Io.
500 1474 727 1507 Hartliebum
749 1485 999 1507 monacensem
1020 1473 1167 1515 hoium,
1197 1473 1295 1506 iussu
1318 1472 1418 1505 ducis
1434 1473 1607 1506 Bavariae
1624 1472 1696 1507 Al-

346 1528 462 1571 berti,
503 1530 692 1564 historiam
713 1530 798 1564 Iulii
819 1530 958 1563 Valerii
986 1529 1029 1562 de
1051 1529 1259 1564 Alexandro
1288 1541 1418 1574 magno
1448 1541 1468 1562 e
1489 1530 1599 1564 latina
1622 1529 1695 1563 lin-

349 1597 420 1632 gua
440 1587 479 1620 in
495 1587 736 1633 germanicam
757 1586 989 1629 convertisse,
1011 1587 1218 1632 editamque
1242 1597 1318 1619 esse
1338 1586 1525 1632 Augustae
1541 1586 1690 1622 Vindel.

348 1655 405 1678 an.
431 1646 530 1679 1478.
563 1643 721 1690 citatque
736 1643 920 1678 Fabricius
949 1643 1181 1678 Lambecium
1199 1642 1262 1678 lib.
1285 1649 1317 1676 2.
1348 1643 1393 1676 de
1420 1642 1589 1677 biblioth·
1612 1643 1694 1677 vin-

350 1700 432 1735 dob.
453 1713 488 1746 p,
510 1704 587 1735 949.
615 1700 729 1746 Atqui
748 1699 960 1735 Lambecius
985 1699 1062 1733 tuni
1084 1700 1121 1733 in
1144 1700 1223 1733 loeo
1252 1700 1382 1742 citato,
1420 1708 1497 1734 tum
1523 1700 1562 1734 in
1583 1700 1692 1734 altera

349 1757 511 1790 eiusdem
531 1757 768 1791 bibliothecae
788 1756 932 1791 vindob.
954 1757 1115 1790 editione
1139 1769 1174 1802 p.
1200 1761 1277 1791 857.
1300 1769 1381 1790 cum
1402 1765 1487 1791 nota
1507 1768 1534 1792 1.
1565 1756 1695 1792 Fabri-

348 1826 404 1847 cio
437 1814 671 1855 contradicit,
717 1813 1009 1860 quaanuidem
1043 1813 1238 1855 historiae,
1289 1814 1387 1847 cuius
1416 1813 1591 1860 interpres
1622 1814 1696 1848 fuit

349 1870 576 1912 Hartliebus,
615 1870 769 1904 latinum
803 1879 985 1904 auctorem
1005 1870 1125 1904 vocari
1145 1871 1344 1904 Eusebium
1369 1870 1445 1904 ait:
1485 1870 1595 1917 idque
1628 1883 1691 1905 co-

350 1927 533 1972 gnoscitur
564 1927 674 1960 etiam
706 1939 750 1962 ex
792 1927 898 1960 titulo
931 1927 1134 1973 germanico
1171 1926 1411 1961 Hartliebiani
1445 1928 1564 1974 operis
1594 1927 1691 1975 apud

350 1984 516 2017 eumdem
543 1984 746 2019 Fabricium
769 1983 824 2016 ed.
845 1996 928 2017 nov.
955 1986 998 2018 T.
1015 1985 1062 2017 ΙΙ.
1082 1996 1118 2029 p.
1147 1989 1199 2018 37.
1240 1985 1290 2018 Et
1311 1985 1410 2018 locus
1434 1996 1519 2018 sane
1537 1983 1694 2019 Fabricii

350 2049 542 2087 antequam
566 2042 660 2074 hanc
691 2040 887 2074 editionem
915 2041 1063 2074 molirer
1085 2041 1290 2087 exploratus
1323 2041 1413 2074 mihi
1435 2050 1536 2083 erat,
1573 2052 1692 2088 neque

350 2105 471 2130 tamen
502 2110 544 2131 eo
573 2109 651 2131 sum
677 2106 888 2131 commotu&
939 2097 1092 2131 Etiamsi
1117 2097 1212 2130 enim
1236 2097 1440 2130 Hartliebus
1463 2109 1588 2144 reapse
1614 2098 1694 2132 edi-

351 2147 463 2187 disset
485 2153 687 2199 germanice
708 2153 842 2187 Iulium
861 2153 1070 2196 Valerium,
1099 2154 1159 2187 hic
1184 2153 1329 2199 quidem
1350 2154 1485 2197 latine,
1516 2164 1693 2201 quantum

351 2222 418 2256 ego
440 2211 527 2252 scio,
557 2210 672 2245 adhuc
692 2218 766 2244 erat
788 2209 956 2244 ineditus.
987 2210 1057 2245 Sed
1077 2210 1173 2244 enim
1193 2210 1258 2244 hac
1281 2223 1387 2256 super
1407 2223 1445 2244 re
1464 2223 1574 2258 quum
1598 2211 1693 2246 ami-

350 2279 432 2301 cum
456 2267 647 2314 quemdam
671 2267 919 2304 doctissisnum
941 2268 1194 2301 consuluissem
1208 2291 1217 2307 ‚
1255 2280 1299 2301 ex
1321 2268 1394 2300 eius
1415 2268 1459 2301 ad
1481 2280 1538 2301 me
1562 2269 1691 2302 litteris

351 2336 494 2370 prorsus
526 2323 800 2370 deprehendisse
834 2325 925 2358 mihi
952 2324 1100 2366 videor,
1147 2324 1322 2358 Hartliebi
1356 2325 1691 2371 interpretationem

353 2378 461 2428 (quae
483 2380 573 2415 mihi
605 2394 677 2415 non
711 2390 763 2415 est
785 2381 828 2414 ad
851 2377 1027 2429 manum)
1057 2381 1199 2416 aliunde
1223 2382 1370 2416 omnino
1393 2395 1501 2429 quam
1528 2395 1571 2416 cx
1595 2383 1689 2417 Iulio

350 2438 495 2472 Valerio
517 2450 590 2471 esse
614 2451 828 2485 expressam.

409 2491 470 2543 (2)
500 2495 596 2529 Vide
631 2500 739 2530 etiam
774 2494 932 2528 eiusdem
958 2495 1112 2530 Fabricii
1142 2495 1394 2530 bibliothecam
1435 2495 1497 2529 lat.
1525 2495 1620 2529 med.
1654 2503 1688 2529 et

348 2550 462 2586 infim.
491 2561 598 2587 aetat.
627 2564 708 2588 cnm
741 2552 878 2585 Mansio
912 2553 955 2586 T.
985 2555 1049 2587 IV.
1078 2566 1114 2599 p.
1135 2557 1212 2588 204.
