1752 3116
606 181 960 224 ALEXANDRI
1403 185 1454 220 27

114 299 441 352 tei-emissent3
486 297 693 344 Fundato
728 296 949 359 protinus
985 296 1193 357 imperio
1228 294 1457 342 Macedo-

111 384 245 436 niae,
283 383 516 444 omnique
551 383 602 427 in
633 381 708 425 ius
743 397 888 425 suum
910 379 1097 426 arcibus
1119 379 1173 411 (a)
1209 381 1352 444 regiis
1376 384 1462 424 Pe-

111 466 383 528 loponneso
415 465 653 529 quaesita,
691 481 926 510 consensu
956 475 1244 510 cunctorum
1273 464 1324 507 in
1354 469 1463 507 Per-

112 566 183 595 sas
219 549 393 596 ducere
424 548 688 596 exercitum
722 549 928 602 meruit,
963 547 1078 594 solis
1113 546 1164 593 id
1199 546 1347 593 niodo
1374 551 1464 592 La-

113 632 440 680 cedaemoniis
464 630 812 678 rennuentibus
835 627 896 686 (²²),
931 648 1031 678 non
1058 630 1234 676 merito
1258 629 1462 693 indigni,

114 733 289 762 verum
307 716 493 779 pudore
514 713 788 777 posthabiti
810 716 853 747 (ε)
889 716 963 761 sui
993 715 1208 759 numinis
1231 714 1308 757 (02
1346 729 1465 774 quo-

113 799 250 845 niam
284 800 548 861 imperium
583 799 684 844 sola
720 815 794 844 res
831 810 925 853 est,
971 799 1103 844 cuius
1139 796 1352 859 pretium
1386 812 1468 857 pe-

115 883 282 928 riculis
318 882 611 928 aestimatur.

215 968 342 1010 ΧΙΠ.
381 964 567 1028 Quibus
590 965 640 997 (²)
673 965 942 1012 Alexander
966 963 1155 1011 deditus
1183 963 1352 1009 aetatis
1388 978 1469 1006 an·
1508 1015 1535 1049 Α
1608 1021 1704 1047 ratus

117 1065 182 1096 no
207 1049 466 1103 vicesimo,
504 1061 562 1094 ut
596 1066 645 1095 se
675 1060 814 1096 tanto
843 1048 1095 1112 apparatui
1132 1046 1369 1092 idoneum
1400 1045 1468 1089 fa·
1485 1027 1644 1106 b-elliixs.

117 1144 270 1186 ceret,
327 1132 447 1196 legit
493 1133 707 1179 militem
751 1132 1092 1180 voluntarium
1133 1147 1187 1176 ac
1222 1129 1316 1175 sibi
1351 1141 1468 1175 voto

116 1228 483 1277 conpetentem:
530 1233 631 1261 non
678 1232 885 1261 numero
933 1214 1094 1266 uberi,
1142 1230 1312 1258 verum
1358 1213 1471 1258 viri-

120 1298 209 1344 bus
256 1299 613 1359 alacritatisque
658 1297 822 1342 usibus
869 1297 1291 1342 animatissimum.
1362 1301 1473 1341 Ete-

116 1382 223 1426 nim
259 1381 493 1443 quoniam
527 1380 580 1425 id
614 1392 737 1426 esset
773 1380 1105 1433 commodius,
1142 1397 1190 1425 se
1225 1380 1276 1424 in
1314 1395 1475 1425 exem·

119 1467 202 1528 plo
237 1463 465 1527 ponebat.
537 1463 726 1526 Quippe
762 1463 865 1525 ipse
909 1463 1016 1509 visu
1051 1474 1220 1527 arguto
1256 1462 1472 1508 naribus-

1518 1495 1649 1541 Figura
1674 1503 1708 1529 et

120 1565 212 1610 que
234 1546 556 1609 subaquilinis
579 1546 696 1601 fuit,
735 1547 898 1594 fronte
929 1546 1069 1593 omni
1090 1546 1221 1592 nuda
1256 1548 1472 1609 plerum-
1490 1554 1601 1585 virtus
1630 1553 1708 1586 bel-

119 1649 237 1698 que,
297 1631 517 1693 quamvis
562 1631 792 1695 pinguius
840 1629 1083 1676 fimbriata
1132 1628 1191 1674 de
1240 1632 1470 1678 exercitio
1489 1611 1708 1701 {Karine-

121 1714 184 1762 ob
230 1715 591 1760 vehementiam
645 1714 920 1776 equitandi,
979 1714 1113 1759 cuius
1164 1714 1217 1759 id
1267 1714 1471 1762 arbitrio

121 1797 288 1851 dabat,
337 1815 395 1843 ex
439 1815 535 1858 quo
582 1798 816 1843 reclinam
872 1815 1066 1843 comam
1101 1797 1256 1844 iacere
1292 1798 1386 1844 sibi
1420 1799 1473 1843 in

121 1881 425 1928 contrarium
461 1880 661 1926 fecerat:
699 1880 846 1942 idque
881 1881 1053 1946 agebat
1088 1880 1308 1927 decorius
1344 1882 1474 1927 mili-

121 1970 185 2020 ti,
222 1981 369 2029 quam
405 1965 446 2009 si
483 1963 710 2010 deflueret
734 1965 796 2009 (³).

156 2081 208 2112 (a)
232 2078 318 2106 Cod.
349 2077 452 2105 habet
482 2065 637 2110 artibus,
667 2077 727 2105 aed
749 2077 889 2105 videtur
921 2078 1142 2107 scribendum
1173 2075 1316 2107 arcibus.
1356 2076 1402 2109 (b)
1425 2080 1476 2106 lta

122 2129 198 2158 cod.
216 2129 295 2156 heic
315 2134 348 2155 et
368 2128 462 2159 alibi,
484 2127 538 2154 uti
553 2127 681 2160 legitur
703 2127 836 2156 rettulit
849 2136 909 2164 pro
926 2127 1050 2157 retulit.
1078 2130 1123 2160 (c)
1138 2128 1222 2156 Cod·
1235 2124 1472 2164 posthabitum.

184 2211 242 2257 (1)
273 2212 476 2253 Nimirum,
519 2220 558 2244 ut
584 2212 632 2244 ait
655 2213 828 2246 Arrianus
854 2213 882 2244 I.
904 2209 938 2254 1⁵,
968 2213 1272 2247 Laoedaemonios
1299 2214 1425 2258 puduit
1458 2225 1477 2246 a

126 2268 327 2313 principatu
350 2281 412 2301 suo
438 2281 476 2302 se
496 2269 706 2310 demittere,
737 2281 844 2317 quem
867 2269 906 2303 J'n
931 2270 1120 2305 Graeciam
1147 2270 1348 2305 universam
1372 2282 1477 2305 exer-

130 2337 209 2360 cere
231 2338 249 2358 a
278 2326 472 2358 maioribus
499 2326 716 2360 didicissent.

184 2382 244 2426 (2)
273 2383 412 2427 Nempe
440 2382 620 2427 periculis.

183 2439 241 2484 (3)
270 2440 323 2471 Ita
348 2451 468 2483 reapse
488 2451 522 2472 se
551 2440 683 2473 habeut
706 2439 905 2474 AJexandri
929 2440 1043 2485 capita
1077 2453 1140 2474 seu
1162 2441 1297 2485 sculpta
1324 2453 1385 2473 seu
1413 2453 1476 2473 cu·-

128 2508 176 2530 sa.
230 2497 362 2531 Confer
393 2508 573 2529 summum
599 2498 651 2530 rei
683 2498 904 2543 antiquariae
932 2498 1143 2543 magistrum
1164 2499 1323 2531 Ennium
1351 2498 1474 2542 Quiri-

126 2565 210 2587 num
236 2553 495 2587 Vicecomitem
526 2554 687 2600 Iconogr.
719 2567 776 2600 gr.
810 2555 903 2589 Part.
929 2556 975 2588 II.
1013 2567 1086 2600 cap.
1121 2562 1150 2588 2.
