1752 3116
577 155 934 196 ALEXANDRI
1370 159 1423 208 49

78 280 374 333 spectantes,
401 269 574 316 itidem
592 280 646 315 ut
669 269 1009 324 constiterant,
1033 270 1086 315 in
1109 270 1210 316 acie
1232 270 1424 332 quieve-

80 371 145 401 re.
203 352 546 415 Utendumque
566 353 722 399 noctis
748 352 918 398 adiutu
937 355 1247 400 Parmenioni
1270 355 1424 401 consi-

79 437 206 481 lium
228 448 349 482 erat:
388 435 516 498 quod
529 435 797 482 Alexander
819 435 1004 482 dissicit
1021 436 1072 467 (⁴²)
1096 437 1254 498 specie
1270 438 1425 483 victo·

80 519 183 565 riae
203 518 493 571 indecenffis,
532 517 697 564 reabse
732 519 840 580 quia
873 521 1031 567 noctis
1055 519 1280 566 fortunae
1312 537 1425 566 con-

80 600 251 656 fidere,
288 601 375 647 ubi
406 601 532 646 nihil
560 601 777 647 cautioni
812 602 949 654 licet,
988 613 1037 648 et
1068 602 1428 665 imprudentiae

83 696 158 729 est
182 696 230 730 et
260 684 566 739 inscientiae,
604 686 838 747 quoniam
863 685 1066 732 consilia
1087 684 1263 731 bellica
1284 686 1429 749 longe

83 766 236 812 tutius
282 768 413 814 oculi
453 779 712 813 metantur.
784 769 1014 832 Quamvis
1043 769 1138 830 ipsi
1173 768 1301 814 haud
1332 786 1431 814 am-

81 849 209 911 plius
245 852 471 912 equitum
493 869 595 898 ·v11.
615 852 787 907 milia,
822 852 876 897 id
896 869 1012 898 vero
1044 852 1269 914 peditum
1299 851 1487 941 quedvt
1514 849 1637 940 Czpiae

1447 921 1461 944 Δ.
1489 920 1548 941 ace
1579 921 1620 940 0·-

81 933 236 978 Persis
257 934 478 994 equitum
497 934 562 979 (ι).
1448 978 1533 999 num
1547 977 1637 1012 quae.

182 1018 306 1061 LIX.
344 1020 500 1080 Quare
534 1017 585 1061 in
621 1018 750 1064 hunc
783 1017 991 1064 modum
1022 1031 1166 1066 nocte
1195 1029 1431 1079 superata,
1450 1066 1575 1099 Puona
1592 1063 1637 1097 ad

84 1097 171 1144 ubi
192 1116 306 1144 cum
326 1099 404 1144 die
426 1100 610 1161 equites
636 1104 835 1162 Scythas
862 1102 1089 1147 dextrum
1111 1118 1266 1146 cornu
1291 1119 1434 1147 suum
1451 1091 1638 1158 Argelum.

84 1181 271 1228 irruere
314 1184 441 1228 velle
493 1196 541 1229 et
582 1185 921 1246 circumplecti
964 1185 1237 1231 Alexander
1279 1185 1433 1239 videt,

87 1263 263 1310 obvius
296 1266 467 1312 tendit.
522 1268 721 1328 Diuque
760 1267 961 1328 ancipiti
1000 1267 1198 1312 fortuna
1234 1267 1435 1313 tandem

87 1360 253 1394 tamen
285 1361 442 1395 trusus
471 1351 624 1395 hostis
658 1351 817 1396 multo
847 1350 1193 1395 obdurantium
1224 1350 1436 1413 dampno

86 1431 140 1476 in
177 1443 307 1495 terga
349 1433 681 1478 conve1·tit<²³.
773 1433 911 1476 Ultra
957 1433 1056 1477 iam
1106 1434 1439 1482 Macedonum

87 1515 357 1576 pervicacia
387 1517 566 1560 iverat:
606 1528 655 1561 at
691 1517 823 1561 enim
859 1516 1041 1560 Bactris
1076 1535 1226 1579 paene
1261 1518 1440 1565 frontis

89 1599 142 1643 in
177 1597 340 1644 medio
384 1615 587 1645 numero
633 1598 989 1653 claudentibus,
1045 1601 1287 1646 convertit
1330 1603 1439 1647 Ale—

90 1680 329 1727 xandrum
363 1684 564 1729 nuntius
607 1683 940 1747 suppetiatum
975 1683 1072 1729 suis
1108 1694 1219 1745 post
1252 1683 1441 1747 fugien-

91 1767 244 1820 tibus,
293 1767 379 1828 qui
422 1765 516 1811 sibi
563 1762 937 1812 imminebatffi‘.
1015 1771 1084 1813 Ac
1123 1768 1191 1812 sic
1236 1769 1442 1827 Scythae

95 1867 287 1913 quoque
334 1849 484 1895 levati
527 1851 821 1902 insecutore‚
870 1848 955 1894 ubi
999 1865 1025 1893 a
1070 1861 1205 1912 tergo
1241 1863 1442 1905 vacant,

94 1934 341 1998 integrant
375 1934 500 1979 vires
531 1934 732 1986 reversi,
769 1933 1046 1993 Bactrisque
1072 1946 1442 1998 congregantur,

93 2035 178 2081 spe
212 2017 464 2063 audaciam
498 2018 778 2064 nutrientes.

145 2207 212 2241 (a)
244 2208 296 2235 lta
325 2204 400 2235 cod.
427 2203 506 2233 heic
539 2208 573 2232 et
606 2206 690 2235 alibi
720 2214 783 2244 pro
816 2205 952 2235 disiicic.
991 2199 1048 2235 (b)
1074 2200 1156 2229 cod.
1189 2199 1266 2239 quis
1296 2199 1450 2230 immine·

98 2254 168 2287 bat·

97 2334 1455 2352 w

164 2414 224 2460 (1)
256 2415 394 2459 Nempe
425 2423 504 2448 ’XL‘
534 2414 647 2448 milia.
678 2413 812 2448 Confer
841 2423 916 2458 cap.
947 2419 1028 2446 LVI.

168 2471 226 2517 (2)
263 2473 445 2505 Convertit
484 2483 587 2505 sensu
625 2479 776 2511 neutro,
817 2477 855 2502 ut
895 2468 987 2514 apud
1018 2469 1240 2503 Frontonem
1278 2463 1321 2499 de
1342 2461 1455 2511 feriis

72 2548 75 2553 ι
113 2528 336 2565 Alsiensibus
363 2529 464 2573 epist.
491 2530 556 2563 ΙΙΙ.
588 2528 642 2560 ed.
673 2526 821 2561 Mediol.
852 2538 888 2571 p.
911 2530 989 2559 192·

1130 2588 1156 2627 4
