1752 3116
555 133 652 172 SEV
678 133 846 172 LIBER
878 133 931 172 11.
1330 136 1404 173 181

69 263 205 293 mum
240 244 300 291 ad
334 257 676 293 ornamentum
711 247 779 292 rei
811 260 1115 309 praeparatae
1150 246 1405 293 adhibeba-

67 341 161 374 tur.
208 329 495 384 Enimvem,
531 341 585 375 ut
614 329 770 382 vides,
806 331 903 375 iam
939 342 1073 375 textu
1106 330 1257 376 ferme
1294 347 1405 376 con·

64 413 198 473 pleto
246 423 294 457 et
333 412 501 459 labore
545 413 701 458 omnis
749 415 906 474 operis
951 413 1197 466 absoluto,
1248 424 1405 459 tumet

61 495 315 559 ingressus.
380 497 534 560 Igitur
580 496 711 557 quod
754 497 843 540 ista
880 496 1123 542 vestis.ab
1160 513 1303 557 opere
1336 496 1403 540 la-

60 577 192 624 boris
226 595 427 641 pausam
459 577 677 631 haberet,
715 577 897 624 idcirco
925 594 1024 625 non
1060 578 1120 624 ab
1157 596 1208 624 re
1242 579 1400 623 visum

58 673 131 707 est
161 661 253 706 tibi
289 677 482 724 quoque
525 660 789 705 terminum
824 662 1127 724 magistratus
1163 661 1398 712 Futurum,

54 744 111 789 Id
145 761 256 790 cum
299 745 444 793 altius
486 744 705 789 animum
740 748 1014 808 Stasagorae
1057 745 1396 798 descendisset,

54 829 296 890 simulque
351 840 486 874 metu
537 826 791 889 ponendae
845 829 1092 889 potentiae
1151 842 1370 893 ageretur
1381 845 1394 880 ;

54 911 185 973 quod
201 911 254 943 (a)
287 923 416 956 vates
460 909 679 964 sibimet,
728 928 828 957 non
864 915 1159 977 Stasagorae‚
1207 925 1394 959 contra-

48 995 119 1041 ria
162 994 498 1057 praedixissem
547 994 703 1055 ipsam
747 995 884 1040 illam
917 996 1184 1043 sacerdotio
1220 995 1393 1041 deduci

42 1077 196 1125 iubet.

145 1166 225 1210 IV.
271 1161 414 1225 Quod
447 1179 561 1209 cum
595 1164 868 1210 Alexandro
901 1164 1179 1217 nuntiatur,
1227 1162 1390 1208 adver·
1410 1184 1522 1217 Cau„
1538 1182 1610 1215 offii

49 1263 157 1291 sum
201 1246 438 1291 iudicium
474 1259 522 1293 et
556 1248 763 1312 gratiam
807 1264 941 1293 suam
981 1251 1280 1311 Stesagoram
1316 1247 1388 1290 ni·
1407 1239 1607 1273 Athenien-

1405 1297 1496 1329 sium
1543 1297 1605 1328 ad-

43 1347 175 1384 sum,
210 1330 418 1395 graviter
451 1329 677 1384 infestus,
717 1330 923 1377 eundem
958 1332 1126 1385 illum,
1164 1343 1219 1376 ut
1254 1347 1618 1392 prae-Wl-fflsfflc-

41 1413 260 1460 dicatum
281 1410 326 1446 (b)
362 1413 521 1459 fuerat
553 1430 580 1458 a
614 1414 884 1467 sacerdote,
929 1415 1106 1474 spoliat
1138 1414 1385 1477 magistra·
1404 1410 1588 1445 mnarum.

39 1509 119 1552 tu,
155 1497 548 1558 sacerdotemque
570 1496 681 1543 loco
709 1497 898 1543 restitui
918 1497 1068 1543 iubet.
1123 1496 1266 1558 Quod
1297 1496 1384 1559 igi-

35 1593 116 1627 tur
149 1585 426 1647 Stasagorae
459 1579 768 1644 magistratus
805 1580 863 1626 ab
898 1578 1267 1627 Atheniensibus
1306 1578 1382 1623 da-

33 1674 112 1709 tus
145 1663 297 1717 foret,
334 1680 391 1710 eo
425 1663 652 1718 recurrit,
688 1663 856 1727 ibique
886 1665 1116 1710 iniuriam
1151 1662 1267 1707 facti
1305 1661 1383 1707 de-

34 1746 177 1800 flens,
224 1764 372 1809 opem
406 1747 466 1793 ab
501 1748 600 1801 his,
651 1764 678 1793 a
713 1748 885 1810 quibus
921 1749 1206 1812 dignitatem
1240 1746 1380 1791 illam

33 1842 302 1891 acceperat,
339 1830 637 1893 imploravit.
707 1833 889 1880 Animo
926 1830 1203 1876 incitatiore
1236 1830 1378 1876 Athe-

29 1915 219 1960 nienses
271 1931 333 1960 ne
375 1913 535 1960 verbis
592 1913 789 1975 quidem
835 1932 858 1960 a
911 1915 1034 1979 regis
1081 1912 1377 1960 contumelia

29 2009 373 2059 temperavere.
429 1996 612 2061 Quibus
647 1999 852 2060 acceptis
875 1996 1141 2043 Alexander
1168 1997 1219 2040 in
1255 1996 1377 2040 hanc

25 2082 320 2128 sententiam
353 2082 541 2127 litteras
583 2079 643 2126 ad
677 2081 987 2127 Athenienses
1026 2080 1172 2125 dedit.

125 2170 180 2210 V.
236 2164 508 2227 „Equidem
547 2183 631 2212 me
671 2166 796 2219 scio,
842 2176 954 2227 post
986 2175 1262 2225 susceptum
1296 2178 1376 2223 pa·
1397 2168 1589 2204 Alexandri

1393 2227 1530 2260 litterae
1549 2228 1592 2259 ad

1394 2283 1593 2317 Athenien-

25 2331 249 2393 „pridem
284 2331 487 2379 occiduo
537 2333 656 2380 orbe
690 2331 949 2394 disposito,
994 2329 1140 2392 idque
1175 2346 1261 2392 per
1295 2329 1455 2374 lit-sca.

23 2248 139 2302 „tris
180 2249 281 2294 mei
323 2266 550 2312 regnum,
592 2248 938 2312 procuratione
982 2246 1209 2293 fortunae
1255 2245 1375 2290 inm-

59 2531 110 2563 (a)
138 2531 220 2561 Cod.
246 2531 349 2562 habet
372 2532 480 2570 quod,
507 2534 565 2562 sed
587 2531 726 2561 videtur
747 2530 930 2560 dicendum
958 2540 1029 2569 quo.
1069 2527 1114 2563 (b)
1140 2531 1187 2556 xta
1214 2527 1290 2555 esd.

1740 2967 1752 3116 cao-‹mua›
1742 2870 1752 2954 κυεῖν.
1743 2780 1752 2862 ,πυ-Μ
1745 2750 1752 2772 1-
1745 2412 1752 2741 *m-———-.--—.—-
1749 2356 1752 2403 Α-
1750 2328 1752 2342 m
1751 2295 1752 2302 1
