1752 3116
153 1755 176 1786 Α
187 1755 349 1786 rhenen-

134 1811 224 1843 simu
291 1823 348 1843 re-

135 1880 315 1914 ,s'POKISUlll-

356 137 431 176 182
733 139 1084 182 ALEXANDRI
1125 140 1305 183 ACTVS

353 282 371 303 ‚‚
384 263 504 297 teras
532 251 605 305 (¹),
641 254 913 315 paratisque
947 253 1021 297 his
1055 250 1273 313 partibus
1296 265 1344 299 et
1365 253 1424 300 ad
1452 254 1688 300 auxilium

357 335 488 385 „eius
523 336 617 380 mei
657 335 931 380 commilitio
961 335 1226 396 copulatis,
1260 338 1464 400 gratiam
1491 336 1690 397 reliquis

356 448 375 471 ,‚
390 418 488 463 eius
532 418 679 465 studii
723 419 914 470 fecisse,
965 430 1252 465 contentum
1293 419 1368 464 his
1411 418 1561 465 modo
1613 417 1697 479 qui

353 517 578 555 „mecum
625 519 649 547 a
686 500 972 547 Macedonia
1019 501 1228 547 inierant
1271 503 1400 549 hunc
1450 501 1696 554 laborem,

353 614 371 638 >,
385 600 686 646 quorumque
729 584 967 631 comitatu
1001 588 1192 645 Europa
1239 584 1382 631 nobis
1427 584 1586 631 omnis
1623 599 1696 630 ac-

353 679 598 720 „cesseran
667 666 757 714 Sed
802 685 860 714 ex
903 668 978 713 his
1025 667 1251 714 omnibus
1286 668 1550 717 Thebanos
1596 666 1700 728 qui-

355 781 373 805 »
388 750 500 796 dem
536 767 634 796 non
670 751 767 796 levi
803 751 862 796 de
897 767 1034 796 causa
1065 750 1319 797 occidione
1353 750 1604 799 interemi:
1642 748 1701 794 de
1744 782 1747 787 -

354 864 374 887 »
387 834 756 880 Atheniensibus
780 851 894 880 vero
931 851 1035 896 spes
1064 834 1188 879 mihi
1216 847 1317 880 erat
1351 834 1543 880 dextros
1577 831 1705 878 mihi

355 917 496 969 »satis
533 929 579 962 et
612 918 927 979 obsequentes
962 917 1165 963 futuros.
1238 919 1383 964 Enim
1426 933 1537 963 curn
1572 931 1703 962 secus

356 1030 375 1055 ,‚
389 999 527 1046 dictis
560 1017 645 1046 vos
680 999 1001 1046 insolentibus
1049 1001 1274 1047 velitatos
1310 1000 1548 1046 audierim
1585 998 1705 1044 acci-

358 1085 487 1145 „pite
530 1084 821 1130 sententiam
866 1101 1025 1129 meam
1070 1100 1168 1128 non
1213 1083 1474 1129 verborum
1519 1081 1707 1128 scilicet

357 1167 580 1229 „agmine
614 1166 905 1229 gloriantem
955 1167 1120 1228 (quod
1140 1167 1190 1199 m)
1228 1167 1472 1214 decentius
1510 1165 1643 1211 fieret
1679 1179 1706 1210 a

359 1250 692 1311 „potentiore)
734 1265 904 1294 verum
948 1251 1024 1296 uti
1067 1249 1250 1302 sciatis,
1305 1251 1427 1296 boni
1472 1267 1559 1297 vos
1595 1264 1707 1295 con-

358 1334 627 1386 >‚sulturos‚
675 1331 717 1377 si
763 1334 1030 1395 praeceptis
1066 1334 1404 1396 mandatisque
1439 1332 1615 1380 nostris
1650 1329 1725 1375 li-v

359 1415 589 1469 „bentem
623 1431 821 1476 operam
856 1417 1190 1464 commodetis.
1234 1426 1334 1465 Aut
1369 1418 1501 1464 enim
1536 1414 1710 1460 melio-

362 1517 468 1552 „res
496 1515 593 1544 esse
620 1511 838 1559 oportet,
876 1514 960 1546 aut
987 1500 1277 1548 melioribus
1307 1499 1625 1562 obsequentes
1643 1496 1709 1539 (²).

364 1588 430 1636 „E
467 1600 556 1643 qua
592 1599 643 1627 re
678 1583 816 1627 mille
847 1600 1008 1629 annua
1044 1585 1225 1631 talenta
1257 1582 1464 1645 dependi
1497 1581 1622 1627 mihi
1648 1578 1708 1625 ab

365 1665 764 1720 „Atheniensibus
799 1666 992 1712 iubeo«.

463 1754 540 1797 VI.
593 1749 661 1796 Ad
696 1751 812 1794 haec
846 1749 924 1794 illi
957 1749 1256 1795 rescribunt:
1312 1750 1464 1802 „Non
1500 1763 1589 1794 nos
1619 1745 1710 1791 dif-

365 1832 590 1885 „fitemur
626 1845 672 1878 et
707 1834 856 1895 patris
892 1834 965 1878 tui
997 1834 1097 1879 vita
1134 1833 1218 1878 diu
1253 1831 1495 1885 offensos,
1532 1843 1580 1877 et
1611 1831 1712 1877 eius

365 1947 383 1969 ‚‚
398 1928 555 1961 morte
600 1917 786 1980 gavisos
832 1934 929 1962 esse
955 1916 1034 1970 (ὅ),
1088 1915 1219 1978 quod
1253 1914 1386 1960 idem
1420 1915 1518 1960 iam
1555 1915 1713 1976 coepi-

365 2017 502 2052 „mus
536 1998 594 2044 de
639 2012 688 2045 te
734 2016 928 2060 quoque
965 2001 1118 2053 velle,
1161 1999 1351 2045 iuvenis
1403 1998 1714 2044 inconsultis-

367 2083 534 2137 ‚‚sime‚
568 2099 677 2128 cum
717 2081 806 2128 tibi
843 2082 960 2134 [ab]
994 2081 1366 2128 Atheniensibus
1403 2079 1709 2142 dependenda

400 2253 452 2285 (a)
479 2251 561 2281 cod.
586 2251 656 2280 sed.

426 2391 483 2434 (1)
515 2392 646 2426 Recole
676 2392 737 2426 lib.
760 2393 786 2425 Ι.
819 2393 862 2424 ad
892 2405 965 2436 cup.
1001 2402 1086 2427 ΧΠ.
1119 2404 1152 2437 p.
1186 2397 1258 2423 123.
1289 2404 1323 2424 u.
1353 2396 1380 2426 1.

427 2450 484 2491 (2)
517 2449 650 2482 Eadem
685 2449 854 2482 -zentcntia
887 2459 934 2481 ost
969 2450 1027 2483 lib.
1054 2451 1077 2481 Ι.
1110 2460 1184 2494 cap.
1213 2460 1319 2481 Χνιῐ.

425 2506 480 2551 (3)
516 2507 694 2540 Consonat
725 2506 905 2540 Diodotus
931 2517 1033 2540 xvxt.
1070 2512 1097 2540 5.
