1752 3116
544 116 648 156 SEV
681 116 855 157 LIBER
885 115 940 156 Π.
1329 117 1405 154 199

66 228 274 294 „tellego
309 231 526 277 naturale
560 229 699 278 vobis
721 248 821 277 esse
843 231 911 277 sic
931 244 1116 291 sapere,
1154 244 1263 274 cum
1274 245 1407 291 prae-

0 326 1 329 *
61 312 236 364 „terita
272 329 465 376 quoque
500 316 719 376 exempla
764 316 815 359 in
851 331 959 366 eos,
1007 329 1216 374 quorum
1253 312 1406 359 consi-

61 394 171 448 „liis
221 398 511 452 uteremini,
569 399 739 445 hostili
794 414 879 444 vos
925 396 1088 442 animo
1136 395 1282 441 fuisse
1338 407 1405 441 te-

59 488 293 532 „stentun
331 480 409 526 Sic
442 481 698 528 Euclidem
732 478 1129 544 praedicatum(‘²)
1163 477 1290 540 apud
1319 495 1403 523 vos

55 563 363 616 „sinceritate
395 564 627 610 suadendi
661 566 877 611 clausum
912 579 1098 609 carcere
1131 560 1401 607 necavistis.

54 647 165 700 „Sic
195 650 578 695 Demosthenem
599 665 747 710 porro
765 681 776 702 ‚
812 647 947 694 cuius
970 645 1085 692 urbs
1115 655 1274 690 vestra
1298 658 1401 688 ora—

55 731 224 785 „tione
257 732 437 793 pariter
471 743 618 778 staret
652 743 700 778 et
737 748 872 785 cura,
918 731 968 776 in
1005 715 1208 776 exilium
1242 726 1401 788 proie-

52 813 230 867 ,‚cistis.
276 819 410 863 Tum
444 815 747 862 Alcibiadem
790 817 1056 881 legationes
1085 824 1271 868 ¹vestras
1317 826 1399 854 na-

50 898 206 950 „viter
242 898 371 960 apud
405 903 590 959 Tyrum
627 911 674 945 et
708 898 968 946 efficaciter
986 908 1296 961 prosecutum
1321 910 1398 939 cu-

49 983 180 1034 >,riae
213 993 398 1026 vestrae
447 983 694 1028 consortio
740 983 1061 1048 abrelegastis.
1128 977 1398 1040 Sapientiae

47 1063 290 1126 „denique
334 1065 486 1110 totius
531 1065 662 1127 apud
705 1083 791 1112 vos
837 1071 1066 1113 Socraten
1112 1062 1398 1126 magistrum

46 1146 398 1200 „iniustissima
432 1161 593 1196 morte
628 1152 886 1197 multastis.
954 1148 1136 1212 Ingrati
1167 1146 1395 1206 Philippo

46 1262 65 1284 „
79 1231 165 1292 qui
200 1230 355 1276 tribus
391 1230 533 1278 bellis
569 1234 752 1280 auxilio
789 1233 930 1280 vobis
953 1245 1002 1279 et
1022 1230 1257 1293 subpetiis
1276 1228 1392 1273 fuit:

45 1345 64 1366 „
81 1315 260 1376 quique
294 1317 571 1376 queramini
606 1316 664 1362 de
707 1316 981 1363 Alexandro
1017 1317 1151 1361 velut
1198 1313 1261 1360 ob
1295 1316 1395 1358 Sta-

45 1388 273 1460 „s'agorae
317 1398 581 1454 iniuriam,
641 1417 763 1462 quae
815 1401 975 1447 omnis
1019 1397 1263 1444 vindictae
1316 1411 1395 1440 ve-

41 1481 198 1532 {strae
231 1481 520 1543 profecerat.
557 1482 694 1530 Idem
730 1487 863 1531 enim
886 1489 1156 1546 Stasagoras
1179 1477 1394 1525 sacerdo-

41 1596 59 1617 ‚‚
73 1576 171 1610 tem
207 1566 555 1611 Atheniensem
591 1567 864 1616 sacerdotio
899 1569 1188 1630 privaverat.

138 1652 307 1694 XXIV.
356 1650 652 1703 „Enimvero
677 1652 914 1713 quoniam
938 1652 1029 1696 ista
1065 1651 1182 1694 haec
1203 1643 1391 1690 (²⁷)nunc

41 1731 242 1782 „omnia
289 1748 348 1778 ex
399 1734 566 1780 animo
613 1746 661 1780 et
705 1736 942 1781 memoria
996 1745 1159 1780 nostra
1206 1729 1392 1792 placuit

40 1801 398 1866 „abolerissic
432 1815 572 1862 vobis
607 1817 668 1863 ad
712 1818 979 1879 praesentia
1024 1815 1150 1861 mihi
1194 1829 1391 1875 respon·

39 1913 180 1947 „sum
213 1895 474 1944 habetote:
509 1900 736 1962 probatas
771 1902 894 1946 mihi
928 1900 1041 1945 satis
1075 1898 1391 1957 laudatasque

39 2010 58 2031 x,
73 1995 172 2025 esse
206 1980 449 2027 suasiones
484 1985 735 2030 Aeschini:
773 1983 1042 2031 Demadem
1076 1998 1267 2044 quoque
1288 1996 1389 2025 non

39 2091 58 2115 „
72 2062 335 2123 inprobari,
360 2065 490 2126 quod
511 2068 835 2113 constantiam
858 2083 994 2112 suam
1017 2065 1204 2112 civibus
1229 2064 1390 2109 curiae

39 2145 325 2207 „probatam
360 2150 509 2195 vellet
531 2150 602 2196 (ὣς
640 2150 724 2196 sed
759 2151 894 2196 enim
923 2151 1108 2197 laudari
1134 2150 1388 2212 praecipue

36 2260 55 2281 „
71 2232 478 2286 Demosthenem,
518 2235 603 2295 qui
622 2251 744 2280 unus
772 2251 912 2281 verae
938 2233 1164 2279 utilitatis
1189 2244 1235 2277 et
1257 2248 1389 2277 com-

38 2314 203 2361 „modi
240 2317 387 2360 vestri
422 2328 566 2363 tenax
601 2334 654 2364 ea
689 2317 831 2364 vobis
855 2334 975 2380 quae
1014 2329 1168 2366 essent
1193 2315 1250 2361 ad
1274 2315 1389 2359 ami-

63 2504 115 2534 (α)
143 2504 222 2532 cod.
248 2503 462 2541 pmaedicacu.
501 2504 547 2541 (b)
574 2506 690 2535 sslalim
717 2508 830 2536 istaec.
872 2512 914 2541 (c)
944 2508 1026 2537 Cod.
1052 2507 1186 2536 vellam-
