1752 3116
526 165 631 204 SEV
661 164 837 205 LIBER
864 163 899 203 L
1309 164 1388 202 175

36 278 254 333 stabant,
308 277 558 323 invehitur
592 276 866 324 Alexander
911 273 1100 323 Thebas
1146 292 1317 339 easque
1332 276 1386 309 (a)

40 361 250 423 diripere
285 360 657 423 exscindereque
690 360 890 407 festinat
934 369 1009 406 tot
1060 359 1249 405 scilicet
1291 376 1388 405 sae-

35 445 157 491 culis
193 457 241 491 et
275 445 446 492 Cadmi
469 456 842 505 ceterorumque
868 442 1086 504 imperiis
1110 441 1301 489 nobiles
1324 439 1385 488 (ὃ).

134 532 301 574 LXVI.
344 528 420 575 Ad
445 543 591 589 quam
623 526 874 572 fortunam
898 525 1067 572 ceteris
1088 537 1387 587 praestupes-
1404 508 1551 546 Auloedi

926 599 933 605 ¹
1404 568 1546 603 thebani

34 611 256 657 centibus
292 628 407 673 prae
441 611 491 656 vi
525 611 769 656 malorum
792 644 803 664 ,
841 610 927 655 uni
962 610 1222 656 tibicinum
1258 609 1388 656 forte
1404 625 1554 659 cantile-

34 694 297 741 consilium
347 692 479 739 subit
529 704 693 756 aptare
736 692 882 740 tibias
941 706 989 740 et
1040 695 1196 742 melos
1242 694 1462 755 quarnua·

33 790 197 840 posset
217 777 379 824 flebile
401 777 450 810 (⁶)
475 793 644 824 canere
666 776 789 842 regis
811 776 1016 840 pedibus
1035 779 1299 841 provoluto
1318 775 1387 821 (d).

36 861 180 925 Quod
217 878 330 907 cum
364 860 634 907 Alexander
666 855 876 914 videret,
914 874 1057 908 acuto
1089 874 1139 908 et
1160 861 1389 925 religioso

33 945 241 991 consilio
279 941 452 989 efficax
485 945 699 989 multum
724 955 869 1005 atque
905 944 963 993 ad
994 945 1290 992 movendam
1317 945 1394 991 sui

33 1026 422 1074 misericordiam
456 1044 556 1073 esse
590 1028 870 1089 provisum3
921 1039 1040 1075 tunc
1086 1028 1316 1075 auloedus
1340 1029 1391 1059 (ι)

32 1113 119 1158 ille
153 1111 379 1158 manibus
416 1111 650 1157 extensis:

147 1216 306 1250 Hanciae
337 1224 375 1249 tu
405 1217 552 1257 urbem,
583 1217 741 1250 maxime
770 1227 897 1261 regum
927 1217 1164 1258 Alexander,

151 1290 361 1335 Properabis
393 1288 622 1328 exscindere,
655 1300 761 1335 quam
793 1289 859 1322 tibi
889 1290 953 1323 Dii

149 1364 373 1396 Immortales
403 1361 592 1406 prosapiae
622 1369 706 1411 tuae
734 1362 914 1408 principes

145 1437 368 1480 Pepererunt
392 1428 443 1460 (²)
461 1433 475 1466 ’ἒ
509 1446 626 1467 nonne
659 1441 694 1466 te
723 1435 820 1468 subit
848 1436 933 1469 hinc
963 1436 1134 1470 Liberum

146 1505 309 1541 Ortum?
340 1506 431 1541 hanc
460 1507 625 1541 Herculis
659 1519 733 1540 esse
763 1508 970 1542 nutricem?

148 1580 241 1614 Hinc
270 1580 334 1613 illa
364 1580 464 1626 orgia
493 1588 528 1613 et
556 1580 886 1626 praestantissimos

151 1654 314 1687 Deorum
342 1654 459 1687 cultus
492 1653 645 1686 diffusos
678 1664 752 1686 esse
781 1666 847 1700 per
875 1653 1082 1689 mundum?

145 1725 238 1760 Boni
268 1725 380 1771 igitur
409 1727 596 1768 consules,
625 1738 664 1759 ac
694 1726 826 1760 facesse

147 1798 204 1833 Ab
235 1798 300 1831 hac
332 1807 405 1832 tam
434 1799 605 1844 sacrilega
636 1799 833 1834 voluntate.

144 1871 273 1918 Neque
304 1870 423 1913 enim,
456 1870 574 1916 siquid
605 1870 866 1916 inpatientibus

145 1946 204 1980 Ira
233 1945 320 1979 belli
350 1943 559 1985 mandavit,
591 1955 663 1976 non
693 1956 779 1978 mox
809 1953 846 1977 te

143 2019 204 2053 Ad
221 2017 496 2064 ‘poenitentiam
528 2017 730 2060 [arbitror]
770 2028 1011 2051 reversurum.

59 2147 112 2178 (a)
136 2144 221 2175 eod.
239 2153 393 2183 eamque.
426 2140 472 2176 (h)
492 2142 574 2171 Cod.
597 2141 746 2172 nobilem.
782 2145 828 2176 (c)
837 2142 975 2178 fabrile.
1010 2143 1064 2177 (d)
1081 2144 1163 2172 cod.
1183 2142 1385 2181 provolutus.

89 2256 151 2308 (1)
184 2261 289 2294 quta
313 2260 494 2293 Iustinum
519 2268 576 2292 XI.
600 2261 631 2292 4.
661 2271 734 2292 non
768 2257 964 2301 auberius,
1008 2260 1070 2292 sed
1095 2260 1250 2296 Cleadas
1276 2260 1391 2307 capti-

30 2330 95 2353 vus
121 2316 216 2363 apud
244 2316 493 2350 Alexandrum
516 2314 724 2349 Thebarum
747 2316 929 2350 excidium
959 2316 1178 2361 deprecatur.

89 2373 147 2420 (2)
179 2373 286 2419 Apud
317 2374 493 2407 Iustinum
516 2382 573 2406 XI.
595 2376 626 2407 4.
673 2371 830 2406 Cleadas
864 2375 1010 2419 privata
1041 2376 1148 2408 etiam
1180 2388 1299 2421 regem
1330 2386 1390 2408 su-

32 2433 224 2480 persitione
247 2431 481 2477 deprecatur,
510 2430 624 2476 geniti
650 2430 748 2475 apud
774 2431 869 2476 ipsos
892 2429 1068 2474 Herculis,
1100 2431 1190 2465 uncle
1214 2433 1389 2478 originem

31 2503 120 2537 gens
144 2488 384 2523 Aeacidarum
417 2486 548 2521 trahat.
594 2485 679 2520 Urbi
710 2496 862 2534 parcat)
888 2499 976 2536 quae
1004 2489 1156 2522 maiores
1184 2491 1259 2523 eius
1289 2485 1389 2534 apud

32 2560 68 2581 se
91 2548 252 2593 genitos,
285 2545 380 2579 Deos
405 2545 543 2580 adoret.
