1752 3116
409 185 485 222 132
792 185 1146 227 ALEXANDRI
1176 187 1360 229 ORTVS

172 315 249 350 Alii
272 315 389 350 archi·
505 301 679 347 XXIII.
733 298 979 345 Adhibitis
1016 285 1258 347 'autemffi
1294 319 1378 347 rex
1422 302 1737 349 architectori·

173 372 390 463 {Zeillriffie-
406 380 495 427 bus
515 381 588 436 (²),
641 382 726 444 qui
762 399 820 428 ex
856 394 957 428 arte
990 382 1182 430 nobiles
1219 397 1267 430 et
1301 385 1634 432 celebratiores
1669 386 1738 431 ha·

405 463 668 520 bebantur‚
707 478 762 513 ut
797 470 1055 514 Cleomene
1089 474 1390 514 Ecnaucrato
1408 464 1481 521 (ὅ),
1520 481 1568 514 et
1603 470 1739 530 Olyn-

406 548 535 601 thio,
581 561 628 595 et
662 555 858 605 Erateo,
904 556 1102 598 Herone
1147 553 1296 598 etiam
1339 548 1474 596 Libii
1518 552 1603 612 qui
1638 569 1696 597 cu
1736 589 1741 597 .

404 630 551 677 fratre
584 638 839 695 Eponemo
887 647 1011 689 erat,
1058 635 1245 696 accepit
1280 651 1426 680 omne
1450 632 1496 666 (ε)
1531 632 1745 699 magnifi-

403 716 587 766 centiae
621 717 820 764 huiusce
866 719 1230 764 monimentum
1272 719 1324 762 in
1372 733 1429 762 eo
1465 733 1604 778 posse
1640 727 1742 761 tute

222 805 384 840 Cloaeae·
402 800 684 854 consistere,
739 800 780 846 si
823 814 963 847 antea
1001 818 1145 863 quam
1189 800 1506 846 fundamenta
1541 799 1652 845 urbi
1685 799 1745 844 ia-

401 895 648 937 cerentur,
687 884 1031 931 subductiones
1057 900 1207 946 aquae
1228 883 1656 949 purgamentisque
1680 900 1744 928 re·

397 967 753 1029 linquendas<d>
790 981 1097 1030 procurarem
1151 968 1324 1030 quibus
1359 969 1537 1032 iugiter
1571 957 1752 1024 ablutis}

399 1049 715 1113 dirivatisque
764 1065 909 1114 atque
954 1054 1002 1097 in
1040 1069 1176 1100 mare
1219 1064 1455 1114 perpetuo
1494 1049 1747 1096 dilabenti-

396 1131 513 1187 bus,
550 1152 706 1197 neque
741 1134 971 1182 aedificiis
1005 1136 1275 1196 perniciem
1313 1135 1527 1195 aliquam
1563 1149 1748 1178 reman-

394 1232 586 1271 suram,
636 1231 682 1264 et
731 1218 790 1264 ab
837 1219 991 1271 hisce,
1043 1235 1165 1278 quae
1199 1217 1498 1262 intervenire
1533 1232 1749 1262 corrum-

335 1301 342 1303 “
394 1299 556 1360 pendo
590 1302 690 1346 a‘e‘ri
719 1302 918 1353 soleant,
951 1303 1201 1365 purgatius
1221 1300 1459 1363 oppidum
1480 1299 1600 1346 fore.
1639 1299 1749 1346 Ela-

394 1380 576 1427 boratis
613 1383 761 1447 igitur
793 1384 868 1428 his
900 1384 1107 1436 cloacis,
1147 1368 1323 1445 quibus
1351 1382 1481 1428 haud
1505 1381 1648 1427 facile
1676 1398 1750 1427 ca-

393 1465 611 1525 paciores
657 1468 756 1511 ulla
782 1467 826 1499 <⁶³
863 1465 976 1511 urbs
1017 1466 1286 1521 habeat<2>‚
1347 1467 1508 1513 omnis
1551 1477 1664 1528 post
1697 1465 1750 1510 id

396 1564 603 1609 operum
637 1550 867 1611 imposita
903 1549 1115 1595 molitio.

197 1633 378 1721 Maxing'ff-
495 1634 664 1679 XXIV.
703 1637 858 1695 Quare
893 1649 1007 1678 cum
1042 1633 1134 1678 hae
1164 1631 1329 1687 urbes,
1370 1649 1492 1695 quae
1517 1633 1570 1678 in
1606 1631 1747 1679 omni

159 1703 240 1725 ῘΙΠΪΙ
278 1701 321 1722 ΠΥ
346 1701 379 1720 1-

160 1761 222 1782 um
262 1754 376 1791 spatla

156 1817 248 1852 quae
298 1803 378 1836 fue·
396 1798 463 1843 tia
498 1810 782 1844 numeratae
808 1800 929 1852 sint3
968 1800 1230 1861 Syriaeque
1252 1801 1315 1845 sit
1345 1800 1514 1846 civitas
1540 1802 1621 1846 vel
1647 1817 1747 1846 am·

156 1862 242 1894 tint.

395 1714 514 1761 orbe
549 1726 741 1760 terreno
778 1715 990 1761 maxime
1025 1714 1355 1770 celebrantur,
1404 1718 1456 1762 in
1491 1718 1608 1763 haec
1642 1733 1747 1779 spa-

394 1880 609 1943 plissima
647 1883 905 1927 Antiochia
945 1894 1137 1928 extenta
1182 1883 1348 1929 stadiis
1395 1895 1506 1930 octo
1542 1883 1746 1945 pedibus

387 1965 692 2028 septuaginta
730 1964 941 2020 duobus;
1000 1969 1236 2032 Carthago
1273 1983 1411 2020 vero,
1459 1983 1580 2028 quae
1613 1968 1745 2029 prin-

429 2134 482 2164 (τι)
507 2133 589 2164 Cod.
614 2140 743 2163 tamen.
783 2133 828 2168 (h)
847 2135 928 2164 cod.
950 2135 994 2164 de
1013 2137 1196 2165 Neucraco.
1231 2137 1276 2168 (c)
1298 2134 1383 2164 cod.
1406 2143 1550 2164 arranem.
1586 2134 1639 2168 (d)
1656 2134 1741 2165 cod.

385 2181 564 2222 reliquias.
607 2187 652 2217 (e)
677 2185 761 2214 cod.
787 2186 953 2222 capciores
980 2184 1056 2214 illa.

445 2325 505 2371 (1)
534 2326 630 2360 Nota
642 2327 853 2362 vocabulum
867 2328 1078 2363 architector
1091 2329 1186 2376 quod
1199 2328 1294 2374 apud
1308 2329 1476 2363 Plautum
1489 2327 1661 2365 Mostell.
1675 2330 1741 2364 ΠΙ.

385 2389 418 2419 2.
442 2389 496 2417 73.
521 2383 663 2427 legebat
685 2386 885 2419 Turnebus.

444 2436 506 2488 (2)
543 2437 776 2474 Alexandria
817 2442 964 2488 (inquit
998 2442 1138 2476 Hirtius
1162 2443 1206 2475 de
1230 2441 1313 2475 bell.
1339 2442 1452 2477 Alex.
1477 2455 1553 2488 cap.
1585 2444 1656 2488 V.)
1689 2451 1740 2476 est

371 2492 459 2542 sere
489 2505 565 2530 tota
594 2495 770 2543 suffossa,
801 2511 991 2545 specusque
1022 2498 1128 2532 habet
1159 2499 1206 2532 ml
1232 2498 1359 2534 Nilum
1387 2501 1629 2548 pertinentes,
1659 2501 1739 2548 qui-

381 2551 446 2588 bas
476 2567 567 2601 aqua
598 2556 632 2588 in
661 2555 826 2601 privatas
854 2557 977 2592 domos
1008 2556 1194 2591 inducitur.
