1752 3116
487 204 590 244 SEV
622 203 797 244 LIBER
825 203 904 243 ΠΙ.
1262 208 1283 241 ¹2
1292 203 1343 242 39

4 335 26 356 »
37 320 189 371 pellat.
234 320 322 360 Sed
343 320 459 360 nihil
471 321 597 360 aliud
597 315 704 377 fere
723 319 783 359 ad
796 318 935 358 cibum
957 326 1142 369 norunt,
1171 326 1348 369 praeter

2 393 223 444 »piscium
248 407 432 444 genera,
463 408 643 448 quorum
665 394 756 433 illis
785 393 922 432 multa
944 400 987 431 et
999 386 1168 447 facilis
1192 391 1351 430 habun-

2 454 198 505 »dbntia
221 464 273 495 (a)
302 475 379 506 est.
428 467 541 506 Fuit
562 467 704 518 igitur
743 464 851 504 mihi
879 464 939 503 ad
977 478 1120 503 eorum
1155 458 1348 519 fabulas

0 539 305 591 »dilig-entia,
349 548 393 578 et
416 539 634 590 interpres
663 530 937 590 inventusfb)
979 546 1068 587 est,
1110 539 1189 590 qui
1224 536 1347 576 nobis

0 625 24 647 »
39 612 168 651 daret
184 627 274 651 cum
299 613 414 652 hisee
435 611 634 650 barbaris
647 605 878 667 fabulari.

85 683 248 728 XXIV,
292 684 520 738 »Cumque
546 684 703 724 multus
731 693 774 724 et
797 684 949 724 varius
982 696 1120 723 sermo
1140 684 1346 735 procede·
1364 700 1488 734 Insula
1504 714 1579 735 ma-

4 771 28 794 »
39 766 123 807 ret,
141 757 276 796 locum
288 759 456 798 interea
468 756 680 810 quendam
693 757 863 798 insulae
877 765 1166 797 monstravere
1176 755 1292 807 (nam
1307 757 1346 796 is
1363 758 1459 804 gica.

2 831 171 870 »etiam
197 833 358 871 eminus
382 830 634 880 visebatur)
678 832 794 885 quod
828 845 916 872 esse
949 830 1152 870 dicebant
1188 834 1347 871 veteris

1 905 261 944 »cuiusdam
286 904 406 955 regis
434 903 626 942 indidem
663 912 1000 944 monumentum.-
1038 904 1087 942 id
1117 916 1222 943 auro
1258 917 1348 943 esse

4 986 85 1016 »et
108 978 271 1028 pretiis
297 971 626 1030 refertissimum
647 977 842 1016 conditis
859 972 918 1018 (⁶).
974 975 1079 1016 Cum
1106 976 1350 1015 naturalem

4 1049 258 1089 »hominum
297 1048 366 1088 vel
400 1048 674 1100 diligentiam
699 1049 746 1087 in
772 1051 932 1089 nostris
952 1048 1023 1088 vel
1046 1050 1351 1099 appetentiam

6 1123 356 1175 »promovissent
395 1116 477 1170 (d),
523 1122 809 1176 certatimque
839 1116 1183 1177 festinaremus,
1246 1138 1353 1174 pars

4 1196 246 1235 »visendae
267 1195 404 1234 eiusce
429 1194 596 1232 insulae
615 1194 687 1232 vel
723 1194 968 1245 sepulchri,
1014 1209 1120 1246 pars
1154 1209 1256 1235 vero
1285 1196 1355 1236 vel

3 1269 221 1320 »plurimi
259 1267 362 1306 auri
397 1267 527 1305 etiam
562 1266 810 1317 aviditate,
849 1275 894 1306 et
930 1281 1003 1317 spe
1033 1267 1241 1319 potiundi
1269 1270 1355 1308 iam

6 1342 200 1381 »animis
246 1338 559 1392 gestientibus3
602 1347 777 1390 repente
809 1340 986 1379 barbari
1027 1343 1105 1392 qui
1143 1341 1229 1381 loci
1265 1342 1357 1382 eius

6 1416 209 1454 »indices
224 1407 426 1468 fuerant
450 1412 705 1451 dilabuntur
729 1427 834 1467 eque
863 1409 908 1443 (θ)
944 1423 1173 1465 conspectu
1205 1423 1357 1454 nostro

8 1490 211 1527 »incerta
241 1500 423 1540 quanam
465 1485 696 1525 maiestate
732 1495 1017 1532 evanescunt,
1057 1487 1224 1527 relictis
1257 1501 1360 1527 sane

8 1559 257 1600 »naviculis
288 1559 518 1596 admodum
555 1559 713 1609 parvis
745 1558 910 1599 duabus
943 1573 996 1598 ac
1029 1560 1169 1599 decem
1204 1559 1361 1614 quibus

8 1632 210 1673 »vectari
236 1630 359 1671 soliti
384 1629 763 1682 intellegebantur.

92 1703 231 1747 XXV.
273 1706 463 1757 »Igitur
489 1719 575 1744 una
596 1718 750 1744 mecum
776 1719 866 1743 cum
900 1705 1032 1744 amici
1060 1705 1121 1744 ad
1143 1714 1362 1756 spectacu·
1382 1705 1579 1742 Delibera-

12 1794 34 1817 »
47 1780 134 1819 lum
166 1786 484 1830 properarent,
536 1777 700 1817 Philon
738 1778 907 1817 scilicet
944 1786 988 1817 et
1025 1766 1496 1828 Ηεηυῖιιιωείοη,ι’ἱθηω
1522 1765 1564 1797 ‘³⁶'

11 1866 35 1890 »
55 1851 267 1892 Craterus
291 1864 461 1905 quoque
488 1851 700 1904 multique
723 1850 831 1900 alii,
864 1850 1043 1890 obstitit
1075 1850 1283 1897 [Philon]
1313 1865 1363 1890 ac
1390 1821 1558 1854 adeunda

11 1923 286 1976 »periculum
317 1923 433 1963 illud
456 1924 662 1963 visendae
681 1924 893 1963 novitatis
915 1936 1000 1963 non
1021 1925 1206 1975 primum
1220 1939 1247 1963 a
1263 1938 1363 1976 rege

13 1993 295 2055 »faciendum
309 2025 325 2044 ,
361 2010 503 2037 verum
525 2011 552 2035 a
575 2011 619 2037 se
642 1997 768 2036 modo
798 1997 972 2051 suisque
1004 1996 1232 2044 similibus,
1267 2011 1367 2037 sua-

15 2072 150 2111 »dere
172 2070 388 2122 persistit.
453 2071 631 2131 Quippe
657 2070 845 2122 amplius
867 2070 1043 2123 aliquid
1077 2070 1122 2108 in
1158 2068 1273 2108 hisce
1305 2084 1369 2110 re·

1381 1875 1510 1912 insula.

17 2143 254 2196 »gionibus
276 2137 650 2198 formidandum,
689 2146 734 2182 in
771 2143 928 2196 quibus
963 2143 1200 2183 viderimus
1233 2141 1371 2183 homi-

18 2231 154 2255 »num
179 2211 363 2271 formas
398 2216 451 2255 de
481 2225 711 2268 conspectu
756 2225 907 2256 nostro
939 2209 1092 2271 facile
1132 2219 1370 2259 evanuisse.

20 2290 155 2329 »Neu
172 2288 327 2342 siquid
351 2302 467 2328 secus
501 2298 631 2342 atque
667 2297 716 2328 ut
756 2296 1039 2341 speraverant
1059 2284 1105 2320 (D
1147 2290 1372 2328 incommo-

22 2375 41 2399 »
58 2362 240 2407 darent,
273 2363 361 2399 eius
384 2361 569 2411 periculi
575 2360 712 2416 fieret
736 2362 789 2401 de
811 2375 914 2414 rege
941 2362 1224 2412 principium.
1269 2364 1374 2401 Sese

53 2541 107 2575 (a)
134 2543 185 2570 Ita
207 2540 282 2569 cod.
321 2538 365 2574 (b)
391 2541 473 2570 Cod.
505 2548 632 2569 ventus.
669 2542 713 2573 (c)
749 2540 830 2570 Cod.
861 2540 999 2571 conditi.
1049 2541 1103 2576 (d)
1129 2543 1214 2572 Cod.
1239 2551 1365 2579 promo·

28 2592 126 2620 asset.
163 2592 210 2623 (e)
225 2590 308 2620 cod.
329 2599 409 2629 eque
432 2591 649 2628 inconspeccu.
685 2588 730 2625 (f)
754 2590 802 2618 Ita
827 2589 903 2618 cod.
