1752 3116
326 154 405 195 204
712 151 953 192 ALEXAN
960 151 1067 190 DRI
1094 150 1278 192 ACTVS

325 297 343 321 ‚,
357 265 438 312 stis
476 264 657 312 accedis
673 263 697 310 ¹?
732 269 894 318 Anne,
931 263 1118 327 inquit,
1153 265 1272 312 haec
1306 263 1398 312 t'ibi
1433 266 1533 312 iam
1566 282 1666 312 me-

326 350 505 404 „ditata
542 361 641 402 est,
677 359 733 394 ut
765 348 842 392 illi
877 364 1025 412 regno
1059 359 1146 394 tuo
1181 349 1400 402 cesseris,
1444 347 1672 394 Macedo-

324 434 490 488 „niam
530 433 629 478 eius
673 430 872 478 tibimet
913 447 1014 477 non
1058 430 1356 476 vindicaris?
1411 432 1540 494 Quin
1585 447 1673 493 po-

324 518 448 572 „tius
491 515 684 561 imitare
727 513 1016 560 industriam
1061 515 1213 561 hostis
1257 515 1355 559 tui:
1414 512 1545 576 quod
1588 513 1676 558 ille

284 662 288 667 .
324 600 569 655 „facturus
604 597 663 643 acl
697 614 784 643 nos
819 598 977 661 pergit
1011 613 1064 642 ac
1098 609 1352 660 properat,
1387 595 1439 641 id
1462 612 1550 642 nos
1572 594 1674 641 bel·

325 714 345 738 ,‚
358 684 464 729 lum
501 681 689 727 Graecis
723 679 1001 726 inferamus.
1051 684 1221 742 Neque
1258 699 1345 746 ego
1371 681 1465 727 hoc
1487 681 1542 726 in
1562 680 1673 726 loco

327 777 417 820 >>ut
462 766 680 829 ignaviae
734 764 869 809 testis
929 762 1257 809 Alexandrum
1308 763 1672 811 def0rmavero:
1717 745 1739 771 ⁸

329 878 348 901 „
360 848 477 909 quin
499 847 550 880 (α)
587 848 758 894 hortor
792 849 867 893 uti
901 849 1134 910 exemplis
1170 848 1272 894 eius
1306 860 1441 893 utare
1474 857 1531 892 tu
1561 862 1678 908 quo-

329 949 466 993 „que.
516 934 598 979 Tu
631 927 678 964 (ὅ)
712 931 857 976 illum
892 930 1052 977 videas
1088 948 1175 977 nec
1201 929 1402 976 ducibus
1436 946 1526 976 nec
1545 944 1681 991 prae-

329 1014 636 1069 „cursoribus
666 1014 1018 1070 confidentem,
1057 1015 1139 1062 sed
1162 1014 1360 1062 sibimet
1375 1012 1557 1059 laboris
1575 1028 1680 1058 om-

329 1127 348 1152 ,‚
361 1098 434 1143 nis
470 1097 634 1144 officia
669 1097 1032 1153 vindicantem,
1070 1100 1188 1144 haec
1223 1115 1361 1162 agere
1397 1113 1520 1159 quae
1540 1107 1678 1141 tanta

329 1193 498 1235 „suntt
536 1197 660 1243 quae
695 1192 749 1225 tu
784 1197 1004 1242 quoque,
1051 1181 1093 1227 si
1136 1193 1264 1227 recta
1299 1180 1453 1243 sapias
1498 1197 1585 1242 per
1631 1190 1680 1225 te

328 1264 543 1318 „feceris
596 1263 753 1311 Viden
816 1276 871 1309 ut
924 1265 1109 1326 primus
1156 1264 1308 1310 irruat
1351 1264 1404 1310 in
1447 1260 1679 1326 proelia?

328 1349 494 1409 „prior
546 1348 740 1393 intonet
779 1346 1051 1394 bellicum?
1099 1349 1236 1411 prior
1268 1347 1542 1410 periculum
1573 1344 1685 1391 sub-

329 1431 475 1484 „eat‘ss
527 1430 759 1491 depositis
805 1431 1006 1493 quidem
1052 1430 1325 1496 insignibus
1370 1431 1514 1497 regiis
1559 1430 1681 1475 dum
1704 1425 1713 1431 “

330 1528 439 1568 „est
473 1515 612 1560 miles
635 1513 707 1566 (ς),
744 1516 1037 1576 recuperatis
1072 1533 1187 1561 vero
1225 1533 1338 1562 cum
1379 1515 1540 1560 victor
1584 1524 1679 1558 est:

330 1600 578 1652 „nihilum
613 1599 837 1644 omnium
873 1583 1238 1644 cunctabundiis
1291 1610 1374 1644 aut
1420 1596 1680 1642 differens:

330 1683 614 1735 „enimvero
650 1680 817 1727 labore
852 1681 1097 1743 praesenti
1131 1698 1321 1743 semper
1344 1681 1550 1728 consilia
1572 1679 1682 1726 sub-

331 1777 593 1819 »secutus«.

156 1849 313 1884 consili-
430 1852 579 1894 XXX.
627 1848 700 1894 Ad
734 1850 852 1895 haec
889 1848 1086 1903 Darius,
1124 1854 1185 1894 Et
1218 1847 1445 1904 ubinam,
1495 1848 1679 1911 inquit,

96 1920 156 1940 um
173 1908 203 1939 d:
227 1920 313 1939 cou-

98 1964 279 1997 trahendis
538 2005 542 2009 .

98 2035 140 2054 «κ
167 2021 314 2054 uuiver-
331 2020 460 2060 Tum
497 2017 769 2075 Oxyathrus
805 2018 904 2061 eius
940 2017 1174 2078 temporis
1208 2015 1499 2061 memoriam
1518 2014 1682 2068 refert,

97 2090 129 2110 <a
150 2079 235 2111 Asia
249 2090 312 2111 co-

94 2135 176 2182 piis.

331 1934 447 1977 haec
481 1931 576 1976 tibi
611 1931 670 1976 de
705 1932 976 1979 Alexandro
1000 1944 1070 1977 est
1095 1933 1426 1994 conprehensa
1460 1930 1681 1978 noticia?

332 2096 497 2161 quomo
534 2098 594 2143 ad
629 2099 915 2160 Philippum
950 2100 1123 2144 missus
1170 2099 1382 2160 petitum
1427 2099 1679 2160 pecunias,

331 2181 390 2228 ab
434 2183 705 2229 Alexandro
753 2184 1112 2230 adolescentulo
1159 2183 1306 2227 etiam
1360 2194 1478 2228 tunc
1524 2183 1680 2228 minas

330 2265 572 2313 eiusmodi
620 2268 908 2328 excepisset,
959 2281 1073 2327 quas
1116 2265 1175 2310 de
1227 2264 1557 2327 praesentibus
1603 2283 1680 2311 ex-

330 2352 571 2412 periretur
592 2349 656 2394 (¹).
707 2354 865 2414 Quare
899 2348 1020 2394 boni
1054 2349 1327 2395 consuleret
1361 2366 1444 2394 rex
1479 2350 1679 2402 Darius,

364 2461 415 2489 (a)
440 2457 521 2486 cod.
547 2466 644 2497 quae·
684 2455 716 2489 (b
738 2457 820 2485 Cod.
847 2465 932 2485 eum.
969 2458 1017 2490 (c)
1041 2457 1122 2485 God.
1146 2456 1256 2486 milz'm
1297 2457 1350 2490 (d)
1374 2458 1456 2486 Cod.
1481 2460 1580 2496 quod.

389 2529 449 2578 (1)
484 2532 615 2565 Recole
645 2531 705 2566 lib.
739 2533 766 2564 1.
797 2544 872 2576 cap.
897 2542 955 2567 xx.
