1752 3116
376 227 452 264 180
757 225 1108 266 ALEXANDRI
1137 227 1318 268 ACTvs

368 353 487 398 pore
538 353 697 384 annuo
749 344 881 384 sacro
934 350 1127 402 tegmen
1179 341 1383 386 Numini
1434 341 1703 403 parabatur.

369 420 649 466 Coniectura
686 419 980 465 vaticinandi
1026 422 1263 467 sacerdoti
1299 423 1538 469 eiusmodi
1585 423 1704 474 fuit,

363 503 575 548 multum
610 502 668 547 ad
701 503 906 565 gloriam
948 516 1189 567 gestarum
1237 522 1398 550 rerum
1444 517 1491 551 et
1541 521 1705 569 geren-

364 586 535 631 darum
571 586 730 631 eidem
763 585 1031 632 Alexandro
1068 587 1326 648 auspicari,
1363 587 1494 649 quod
1526 588 1615 633 illo
1651 587 1702 631 in

362 681 581 730 tempore
607 668 727 713 sacri
761 671 1134 731 supervenssset:
1173 669 1319 730 idque
1348 686 1631 731 responsum
1654 680 1703 714 et

361 751 420 797 ad
454 768 588 813 spem
624 763 671 797 et
701 752 929 816 gaudium
965 752 1040 797 illi
1076 751 1195 797 fuit:
1233 751 1596 814 liberaliterque
1629 767 1702 796 ac-

360 847 549 896 ceptam
585 845 743 879 vatem
779 852 804 880 a
840 853 889 881 se
926 834 1149 880 dimittit.

457 922 516 963 11.
562 918 708 964 Enim
742 930 789 968 et
823 919 954 964 aliud
990 918 1327 964 testimonium
1361 919 1462 964 vati
1485 918 1546 964 ad
1578 918 1704 964 veri-

358 999 619 1047 dicentiam
641 1001 768 1047 forte
782 1003 877 1046 tale
898 1013 1202 1063 provenerat.
1225 1005 1499 1066 Stasagorae
1520 1002 1703 1064 quippe

355 1083 658 1147 magistratui
700 1084 1073 1129 Platensiul11<‘²)
1106 1096 1273 1145 postea
1319 1086 1533 1149 ingresso
1580 1096 1701 1129 tem-

353 1168 497 1227 plum
532 1168 793 1228 locumque
829 1184 940 1212 eum
974 1167 1026 1212 in
1064 1183 1158 1227 quo
1193 1166 1325 1212 idem
1372 1178 1562 1231 tegmen
1598 1170 1702 1211 Nu·

353 1248 478 1294 mini
512 1261 782 1304 texeretur,
814 1266 927 1294 cum
963 1249 1006 1294 ei
1051 1250 1367 1313 perexiguum
1408 1259 1698 1310 superesset,

352 1332 609 1378 adversum
644 1349 697 1378 ea
731 1344 860 1378 vates
897 1348 1020 1393 quae
1043 1331 1250 1377 secunda
1273 1331 1544 1378 Alexandro
1568 1347 1701 1394 prae·

351 1416 575 1468 cinerat„
594 1414 971 1482 issiiespondit,
1010 1432 1219 1477 eumque
1247 1416 1315 1477 ait
1337 1412 1383 1447 (ὃ)
1418 1416 1700 1481 magistratu
1724 1411 1728 1414 ’

349 1514 437 1544 suo
480 1499 703 1559 protinus
762 1496 1116 1560 deponendum.
1187 1490 1328 1562 Quod
1391 1517 1505 1546 cum
1549 1499 1699 1545 incle-

348 1565 562 1638 mentius
593 1582 668 1628 vir
704 1581 950 1642 ceteroqui
984 1581 1203 1627 melioris
1251 1582 1576 1628 conscientiae
1621 1597 1696 1626 ac-

347 1665 571 1728 cepisset,
626 1665 677 1709 in
724 1667 846 1710 iram
898 1665 1389 1727 commotionemque
1435 1679 1694 1710 conversus

344 1747 594 1810 increpare
630 1760 790 1795 vatem
826 1747 1177 1793 falsidicentiae
1225 1758 1464 1810 coeperat.
1512 1751 1694 1792 Verum

343 1829 405 1874 ad
449 1831 569 1877 haec
612 1830 855 1877 sacerdos:
912 1834 987 1875 Ne
1041 1847 1177 1884 sane,
1226 1831 1409 1892 inquit,
1466 1845 1696 1875 moveare

342 1914 417 1959 his
454 1913 625 1969 dictis,
663 1932 692 1961 o
730 1915 828 1958 vir:
864 1929 975 1958 nam
1013 1925 1182 1959 cuncta
1227 1914 1317 1958 ista
1354 1927 1571 1974 quaeque
1605 1912 1691 1958 ho-

340 1997 556 2043 minibus
594 1997 829 2043 divinitus
859 2009 1259 2058 praenoscuntur,
1298 1995 1466 2059 colligi
1502 1995 1691 2042 coniec-

340 2083 464 2128 turis
501 2080 896 2146 argumentisque
929 2080 1182 2141 praenosci
1216 2079 1322 2124 Diis
1358 2078 1502 2124 sedet.

117 2176 323 2223 Argumen-
439 2170 520 2211 ΙΙΙ.
592 2165 768 2226 Accipe
839 2162 1048 2224 denique
1113 2175 1512 2226 argumentorum
1573 2162 1689 2209 vias.

104 2236 316 2326 ἑῗῃζὲἀᾯῖῑ·
338 2249 530 2312 Quippe
564 2261 618 2294 ut
651 2247 776 2294 illud
812 2247 1029 2292 melioris
1063 2246 1168 2308 spei
1202 2244 1474 2292 Alexandro
1511 2244 1690 2292 dicere-

299 2317 305 2325 ·
334 2343 436 2385 tur,
486 2331 537 2377 id
599 2331 832 2393 temporis
886 2340 1248 2390 supervenerat,
1306 2344 1402 2390 quo
1460 2328 1684 2392 insigniri

334 2416 476 2461 vestis
511 2416 701 2461 intextu
737 2412 1040 2476 purpurae&
1085 2424 1322 2474 coeperat.
1371 2411 1427 2457 Id
1449 2411 1581 2457 enim
1605 2411 1683 2457 de-

365 2612 415 2637 <a›
444 2611 487 2636 lta
511 2609 584 2635 cod.
626 2604 670 2640 (lt)
692 2607 763 2637 Cod
795 2617 870 2635 eum
890 2619 909 2647 q
914 2620 973 2637 ιιιιι
978 2615 1034 2637 rzt.
1074 2609 1118 2639 (c)
1145 2607 1227 2636 Cod.
1252 2615 1457 2644 purpureae.
