1732 3121
101 1184 127 1219 S
129 1187 294 1222 esoncho-

80 1243 128 1275 sis
140 1246 232 1290 regis
244 1247 294 1279 in-

79 1301 234 1346 scriptio.

318 118 397 158 242
686 115 1039 158 ALEXANDRI
1068 104 1271 159 ossiTvs

314 243 461 286 »quae
486 244 586 272 mox
603 232 816 272 curiosius
848 232 1144 280 intuentibus,
1174 243 1328 286 partes
1350 235 1564 289 quaedam
1576 233 1662 290 fis·

313 318 491 344 »sarum
509 305 767 344 arundinum
795 303 1094 348 noscebantur.
1151 306 1279 345 Enim
1307 306 1436 348 huius
1449 304 1660 366 fluminis

311 377 489 431 »liquor
502 377 563 417 acl
579 386 730 430 potum
745 376 934 416 hominis
949 377 1152 417 adversus
1163 405 1179 424 ‚
1209 380 1504 421 amaritudine
1521 382 1660 421 nimia

310 463 438 489 »cum
465 451 681 490 salsitate.
745 448 1062 514 Quaerentibus
1090 451 1233 502 igitur
1255 465 1384 505 quam
1412 461 1662 505 poteramus

311 535 400 562 »ex
431 524 587 563 accolis
621 537 739 562 usum
776 523 976 563 elementi
1009 525 1262 570 memorati,
1307 524 1436 564 aliud
1473 533 1662 564 castrum

312 596 512 635 »eminus
532 597 852 636 demonstratur
871 595 923 634 ab
954 598 1115 635 stadiis
1138 589 1289 652 ferme
1327 605 1517 651 quatuor
1551 597 1664 644 indi-

311 683 333 706 >›
347 670 439 709 dem
458 670 614 709 situm:
645 668 704 707 ad
729 668 850 722 quod
881 682 971 707 cum
1008 669 1219 707 audacius
1249 669 1425 721 quidam
1458 668 1663 722 explora·

310 744 441 782 »turi
455 751 779 794 properassent,
793 738 963 799 flumen
979 742 1152 795 quidem
1174 739 1357 798 affluum
1367 742 1548 789 vident,·
1582 740 1662 780 sed

310 827 333 852 >›
345 815 499 853 emersi
517 814 714 854 indidem
728 814 1038 867 hippopotami
1057 811 1109 843 (a)
1123 842 1138 864 ,
1167 815 1471 867 magnitudine
1495 815 1662 854 nescias
1704 819 1708 824 ”
1731 827 1732 830 ’

309 899 401 926 »an
422 888 613 927 saevitia
646 888 830 927 maiores
856 881 930 933 (h),
961 896 1132 927 nostros
1158 889 1238 940 qui
1259 888 1533 939 exploratum
1551 886 1666 926 abie-

309 973 332 996 »
348 968 449 998 rant
473 961 749 1000 incursavere.
808 963 872 1000 Ac
895 973 1041 999 rursus
1075 961 1134 1000 ad
1155 961 1288 1000 aliam
1319 969 1492 1012 partem
1516 959 1663 1000 eadem

310 1046 333 1070 >›
347 1032 467 1072 nobis
490 1033 750 1073 curiositate
763 1032 1050 1083 rimantibus,
1080 1047 1233 1085 agmen
1257 1033 1488 1075 earundem
1502 1031 1663 1074 bestia·

310 1119 333 1141 >›
347 1119 439 1144 rum
466 1105 593 1158 longe
617 1107 881 1145 numerosius
903 1105 1168 1146 occursabat.

391 1175 535 1214 XXX·
566 1191 588 1213 »
608 1178 756 1239 Quare
791 1179 908 1217 omni
948 1191 1104 1229 genere
1127 1172 1407 1233 fugiendum
1444 1176 1538 1216 loco
1574 1177 1664 1216 evi·

311 1263 332 1287 >›
347 1250 611 1304 tandumque
627 1250 867 1300 periculum
888 1249 1057 1298 videns,
1083 1250 1260 1290 classico
1280 1252 1452 1304 signum
1471 1248 1664 1292 abitioni

310 1337 332 1361 >›
345 1323 597 1374 praecipio:
625 1324 820 1376 quamvis
845 1331 976 1362 tanta
1013 1323 1082 1362 vis
1117 1324 1219 1363 sitis
1249 1325 1419 1380 eiusque
1451 1318 1665 1363 desiderii

309 1394 539 1434 »homines
567 1396 836 1443 incessisset,
867 1405 917 1435 ut
940 1396 1137 1450 plerique
1160 1397 1292 1436 etiam
1321 1413 1349 1437 a
1376 1406 1485 1450 potu
1510 1398 1662 1437 urinae

308 1482 332 1506 »
347 1467 397 1508 ob
422 1470 696 1508 necessitatis
719 1468 1023 1509 vehementiam
1048 1483 1133 1508 non
1158 1477 1462 1521 temperarent.
1510 1471 1666 1522 Igitur

306 1536 472 1597 »sorte
493 1535 696 1596 fortuna
714 1555 807 1580 cum
845 1543 960 1582 exim
995 1550 1201 1593 stagnum
1239 1543 1458 1595 quoddam
1490 1543 1664 1594 dapsile

307 1628 329 1651 »
344 1615 703 1666 repperissemus‚
733 1615 960 1669 potitique
982 1615 1232 1655 desiderato
1263 1629 1313 1654 ac
1333 1618 1537 1666 persuavi
1549 1624 1665 1667 potu

306 1690 358 1733 »[
369 1691 476 1737 per]
505 1696 644 1738 prata
678 1688 873 1727 virentia
899 1695 1214 1738 sterne-remur,
1259 1689 1423 1728 eminus
1444 1688 1578 1728 video
1617 1690 1663 1729 in

306 1761 532 1814 »quadam
558 1760 783 1798 adiacenti
807 1761 1039 1800 eminentia
1070 1761 1204 1801 titulo
1220 1755 1493 1816 femineo<¹)
1517 1775 1667 1814 super·

305 1846 329 1871 >›
341 1833 552 1885 scriptam
577 1832 689 1872 hanc
710 1834 991 1873 sententiam:

440 1918 795 1958 AQVATIONEM
830 1917 973 1947 HANG
1009 1919 1110 1964 ΙξΕΧ
1155 1919 1485 1950 SESONCHOSIS
1517 1919 1662 1950 ORBIS

446 1967 678 1997 VNWERSI
708 1967 979 1997 PRAESTJTI
1031 1969 1240 2000 CVNCTIS
1271 1969 1487 2000 RVBRVM
1521 1970 1660 2001 NAVI-

443 2017 637 2048 GANTIB
645 2017 697 2046 VS
729 2016 892 2046 MARE.

306 2105 491 2158 »Igitur
513 2105 623 2145 iussi
655 2112 841 2156 propter
874 2103 955 2144 lzoc
987 2113 1193 2156 stagnum
1232 2114 1377 2147 castra
1417 2109 1657 2161 constitui,

305 2194 329 2219 >›
343 2176 550 2232 ignesque
574 2192 701 2232 quam
723 2175 993 2218 creberrimos
1003 2177 1126 2234 fieri.

338 2323 391 2355 (a)
417 2319 501 2348 Cod.
526 2320 704 2357 inpotami.
743 2316 789 2353 (b)
814 2318 896 2347 cod.
922 2320 1116 2348 inmaiores.

363 2431 424 2485 (1)
457 2435 544 2470 cod.
571 2437 765 2469 adiacentis
786 2437 1008 2469 tuiminentia
1029 2434 1133 2470 titulo
1146 2437 1320 2482 gemineo.
1350 2435 1406 2468 De
1428 2434 1654 2477 sesonchosi,

303 2495 404 2529 cuius
430 2493 593 2542 sequitur
623 2493 835 2540 inscriptio,
878 2495 996 2528 recole
1028 2493 1089 2526 lib.
1119 2493 1147 2528 Ι.
1183 2504 1256 2538 cap.
1284 2501 1405 2527 xxxx.
1439 2503 1521 2526 cum
1544 2492 1650 2526 notis.
