1732 3121
515 165 619 207 SEV
648 168 821 209 LIBER
849 169 928 209 ΠΙ.
1306 173 1391 209 26ῒ

40 293 197 321 sessum
220 293 342 322 omne
368 292 412 324 et
427 279 479 312 (a)
496 278 714 340 frequens
736 268 916 326 horrore
938 300 1061 327 sacro
1103 287 1156 327 de
1190 287 1385 328 Deorum

39 353 222 394 vultibus
248 354 468 406 barbaris,
495 358 573 410 qni
595 358 746 407 plusne
758 353 1024 412 formidinis
1053 374 1108 398 an
1131 360 1389 399 admiratio·

37 426 108 465 nis
129 427 317 477 darent,
346 429 464 468 lzaud
489 438 583 468 erat
606 429 792 468 hominis
819 431 1070 472 discernere.
1135 435 1257 471 Inter
1281 432 1384 471 haec

39 507 84 538 et
105 501 217 540 celsa
240 502 318 541 illa
339 511 470 555 atque
495 503 555 540 ad
578 501 738 541 caelum
767 505 1030 554 suspicanda
1058 504 1233 555 palatia
1248 504 1382 541 inter-

22 567 170 628 fluere
198 576 457 627 Argyritum
482 572 534 604 (¹)
547 571 716 631 flumen
734 584 777 613 et
801 576 932 614 alium
955 576 1176 616 Pactolum
1183 572 1380 632 fluvium

34 644 302 706 mirabatur.-
331 649 407 687 sed
431 656 658 701 utrumque
685 648 852 688 alveum
877 663 984 689 auro
1008 651 1191 688 divitem
1216 657 1257 687 et
1270 660 1379 699 prae

32 718 261 757 nimietate
296 721 398 759 auri
427 717 753 777 interfluentis,
796 737 934 776 aquae
967 738 1131 777 quoque
1176 724 1380 773 aurigan-

29 799 117 830 tem
149 792 360 831 colorem:
389 794 453 832 sel
474 807 618 833 eorum
637 794 742 833 litus
765 803 808 834 et
849 797 1067 847 margines
1103 797 1276 835 insertis
1311 808 1381 833 ar-

26 863 202 904 boribus
227 866 524 905 eonvirescunt
546 880 652 920 quae
677 868 812 906 celsae
837 869 928 907 sint
951 877 995 907 et
1022 870 1181 908 odorae
1202 863 1274 906 (ωε
1314 878 1381 919 cy·

22 951 132 989 pros
174 939 360 992 denique
398 938 636 988 gentiliter
665 949 818 980 vocant
843 935 1011 996 fructu
1047 943 1168 982 suavi
1207 949 1249 980 et
1293 953 1379 978 um·

27 1010 168 1051 brosis
182 1005 432 1065 frondibus
457 1011 633 1050 divites.

109 1082 227 1121 LIX.
270 1085 394 1122 Haec
418 1084 563 1134 igitur
594 1095 746 1125 cuncta
779 1102 869 1127 cum
903 1088 1155 1128 Alexander
1188 1087 1384 1125 intuitus.

24 1166 136 1198 esset
169 1155 216 1187 (ὃ)
244 1158 538 1196 admiratione
561 1160 749 1211 quadam
777 1160 924 1199 debita
952 1162 1211 1202 vincebatur.
1266 1162 1374 1209 Age·

20 1230 98 1270 bat
121 1231 167 1269 in
191 1230 384 1270 convivio
415 1229 655 1270 Candaulis
676 1245 800 1270 soror
815 1227 883 1270 (d).
942 1235 1176 1273 Enimvero
1202 1232 1373 1286 quaesit

17 1317 146 1357 quam
172 1302 374 1342 blandius
396 1313 500 1354 post
529 1301 574 1332 (e)
605 1314 782 1344 matrem
813 1305 1056 1346 Candaules
1093 1308 1161 1344 uti
1184 1306 1372 1356 Antigo-

20 1391 120 1416 num
139 1387 261 1416 suum
280 1389 362 1429 pro
383 1377 541 1415 merito
569 1380 747 1429 gratiae
765 1379 927 1429 regalis
949 1387 1259 1425 muneraretur,
1289 1391 1371 1430 quo

17 1450 207 1490 donatus
239 1444 288 1481 (f)
314 1461 398 1499 pro
427 1442 632 1503 fortuna
669 1459 822 1490 tantae
852 1455 1052 1503 reginae,
1092 1452 1153 1490 ad
1180 1451 1369 1502 propria

15 1523 225 1575 protinus
250 1529 472 1561 remearet.
539 1511 880 1572 C‘onprelzensum
900 1526 1043 1576 igitur
1065 1524 1367 1565 Alexandrum

20 1596 219 1637 candace
243 1607 323 1646 per
357 1594 501 1633 aulam
530 1609 649 1634 suam
678 1598 904 1650 omniaque
937 1599 1086 1649 regiae
1119 1606 1283 1636 secreta
1315 1609 1366 1633 ac

13 1668 265 1721 penetralia
300 1668 606 1718 circumducit,
653 1683 834 1709 secessus
874 1671 1081 1722 quosdam
1119 1673 1159 1709 ei
1189 1669 1362 1707 aedium

12 1749 260 1782 monstrans
285 1753 340 1780 ex
359 1755 408 1780 eo
437 1742 614 1791 lapide,
644 1745 763 1781 cuins
789 1744 958 1795 quidem
974 1738 1144 1797 *fulgor
1165 1739 1217 1776 (g)
1244 1742 1362 1792 igni-

11 1825 84 1856 tus
105 1824 170 1855 est
194 1814 325 1863 (nam
352 1813 552 1864 lignitem
582 1815 712 1852 etiam
746 1813 942 1862 vocant).
975 1813 1259 1853 Intuentibus
1291 1814 1360 1850 vi·

5 1891 123 1930 situr
149 1887 302 1939 opinio
339 1887 549 1939 quaedam
592 1887 784 1927 indidem
815 1888 919 1927 solis
951 1888 1148 1926 orientis.
1202 1885 1358 1925 Tricli-

9 1964 129 2002 nium
163 1973 326 2014 quoque
363 1959 522 1998 ibidem
555 1960 676 1999 videt
708 1962 801 2000 alio
832 1961 886 2000 de
922 1962 1027 2000 saxi
1060 1973 1238 2011 genere,
1281 1958 1354 1996 cui

3 2050 97 2076 cum
118 2035 211 2074 sint
233 2034 387 2085 igneae
408 2033 616 2084 quaedam
640 2034 829 2072 maculae
851 2033 920 2072 vel
947 2035 1208 2080 inustiones‚·
1232 2031 1352 2070 haud

2 2124 120 2150 secus
140 2108 267 2157 haec,
299 2119 426 2159 quam
462 2105 750 2145 excandentes
770 2100 822 2134 (h)
852 2107 1027 2157 lapides
1057 2115 1187 2152 sunt,
1212 2102 1348 2163 flam-

34 2269 86 2300 (a)
111 2264 197 2294 cod.
219 2273 330 2293 omnes
351 2262 411 2291 vel.
447 2260 491 2295 cb)
517 2261 598 2289 Cnd.
624 2260 733 2289 odore.
771 2261 818 2293 (c)
845 2259 927 2288 Cod.
964 2259 1141 2288 interisset.
1180 2258 1234 2290 (d)
1258 2257 1339 2285 cod.

3 2314 180 2347 Candauli
213 2313 346 2343 sororis.
383 2313 426 2344 (e)
450 2312 578 2349 Nempe
599 2318 699 2350 rogat
721 2321 823 2350 quam
845 2309 1004 2339 blandius
1024 2316 1150 2347 postea.
1177 2307 1233 2343 (f)
1259 2306 1341 2334 Cod-

0 2367 160 2395 donatur.
209 2364 261 2403 (g)
287 2361 366 2390 Cod.
389 2359 534 2400 fulgur,
570 2360 663 2397 quod
689 2359 718 2388 ni
751 2361 901 2393 retinen,
934 2360 991 2387 fac
1024 2359 1148 2388 deinde
1182 2358 1337 2398 ignitum.

0 2415 48 2449 (h)
73 2414 156 2443 Cod.
193 2414 225 2441 ei
257 2410 406 2440 cadenti.
431 2411 588 2439 Fortasse
610 2409 830 2439 scribendum
853 2409 1138 2438 excandescentes.

57 2535 121 2589 (1)
153 2537 286 2574 Confer
313 2537 445 2574 Melam
461 2537 526 2572 ΠΙ,
550 2541 581 2570 7.
608 2536 766 2571 Plinium
788 2549 841 2571 Vl.
860 2546 941 2572 sect.
969 2541 1022 2569 23.
