1732 3121
170 902 328 939 Amazo-

140 973 227 995 num
269 973 327 995 re-

142 1031 325 1068 sponsum.

347 215 427 249 270
702 207 1054 251 ALEXANDRI
1098 204 1302 250 OBITVS

345 340 495 386 „pace
541 340 594 370 ac
636 324 732 371 suis
785 323 969 388 legibus
1026 323 1340 386 moribusque
1387 323 1685 371 donaverim.

345 407 518 469 „Quod
552 408 593 453 si
627 408 770 454 vobis
807 406 933 452 haud
970 406 1215 470 displicet,
1254 407 1458 468 accipite
1491 408 1688 456 nosistd

345 491 649 544 >‚venientes,
687 502 758 545 et,
798 490 927 552 quod
963 503 1034 536 est
1069 491 1313 536 amicitiae
1348 508 1544 545 munus,
1580 492 1688 537 Diis

344 572 636 628 „sacrificate
669 590 758 634 pro
794 573 961 619 nobis:
1000 574 1099 618 iam
1137 575 1317 635 quippe
1363 572 1503 619 vobis
1538 573 1690 619 aderi-

344 675 500 713 „mus
547 663 608 703 At
641 675 726 704 vos
761 657 911 703 velim
947 656 1144 702 obviare
1190 656 1332 703 nobis
1369 656 1533 703 animo
1588 674 1690 722 gra-

344 753 538 795 „tante‚
577 757 688 786 cum
723 741 780 786 ad
816 741 1084 785 amicitiam
1120 740 1213 786 iter
1247 740 1378 786 istud
1410 757 1511 788 non
1535 740 1595 786 ad
1611 758 1692 803 pe-

344 825 589 878 „riculum
625 825 688 870 sit
722 825 988 874 futurum«,

443 912 588 954 LXX.
634 907 707 955 Ad
751 909 868 953 haec
912 913 1180 953 Amazones
1225 907 1530 970 respondere,
1573 910 1695 963 „Vel

344 991 584 1046 „fiduciae
619 1008 796 1037 munus
833 1002 904 1038 est
947 992 1026 1035 vel
1069 990 1309 1037 libertatis
1355 992 1522 1038 omnia
1573 992 1692 1046 tibi,

345 1107 364 1131 ‚‚
378 1094 485 1130 rex,
522 1075 730 1122 scribere
767 1090 886 1136 quae
921 1091 1066 1135 penes
1100 1091 1188 1119 nos
1224 1076 1335 1125 sint,
1412 1079 1527 1122 Non
1564 1077 1695 1138 quod

343 1158 522 1213 „fidem
556 1158 747 1219 scriptis
785 1157 984 1220 deroget
1005 1156 1103 1200 ulia
1140 1158 1373 1217 suspicio,
1411 1157 1495 1203 sed
1522 1170 1577 1203 ut
1596 1161 1695 1220 ple-

341 1243 481 1298 >,nius
516 1257 685 1288 noscas
722 1253 770 1286 et
815 1239 930 1301 quid
976 1239 1113 1300 operi
1160 1240 1313 1301 precii
1357 1240 1420 1285 sit
1464 1241 1538 1286 his
1593 1243 1698 1303 qui-

341 1342 583 1386 „cumque
626 1324 797 1370 hostili
841 1323 1032 1368 fervore
1077 1322 1128 1366 in
1180 1339 1269 1368 nos
1317 1324 1517 1385 cupiant
1568 1326 1699 1370 mili-

342 1421 490 1464 „tare
561 1413 832 1454 Commune
877 1406 1057 1468 quippe
1109 1407 1427 1453 humanitatis
1482 1409 1698 1456 studium

343 1509 474 1545 „esse
509 1490 826 1543 arbitramur,
864 1491 915 1534 in
954 1506 1170 1553 quaeque
1206 1489 1351 1536 dubia
1387 1508 1587 1540 ausuros
1627 1495 1700 1540 ni-

345 1575 453 1630 „hil
487 1576 619 1636 prius
650 1590 798 1635 quam
853 1576 1246 1620 emolumentum
1291 1574 1473 1621 laboris
1516 1577 1700 1623 intueri

346 1670 619 1720 „oportere
665 1659 795 1704 Scito
831 1659 979 1723 igitur
1020 1657 1240 1717 primum
1286 1659 1446 1704 colere
1491 1676 1581 1707 nos
1629 1662 1701 1706 in-

346 1755 719 1795 „teramnanum
767 1758 791 1786 a
858 1741 1154 1787 Machonico
1189 1740 1240 1773 (ι)
1284 1741 1486 1789 flumine
1533 1744 1700 1791 locum

347 1842 581 1882 „omnem
603 1841 700 1885 quo
734 1824 1044 1870 consistimus
1067 1822 1310 1869 ambitum
1327 1824 1404 1879 (α),
1443 1843 1500 1873 eo
1522 1826 1701 1874 fluente

348 1909 571 1964 „circiter
605 1908 767 1969 spacio
813 1924 909 1969 quo
940 1904 988 1939 (ὅ)
1025 1924 1119 1952 una
1166 1909 1228 1953 sit
1272 1908 1505 1955 aditicula
1551 1928 1703 1975 eaque

347 1994 463 2050 „vix
498 1992 674 2039 accolis
711 2003 853 2045 nota,
901 2008 994 2053 qua
1029 2003 1216 2054 septem
1262 1991 1463 2038 flumina
1508 1995 1588 2040 vel
1631 1995 1703 2041 in-

382 2194 435 2226 (a)
462 2193 546 2221 cod.
573 2192 787 2223 ambientem.
835 2190 882 2225 (h)
905 2192 987 2221 cod.
1013 2202 1100 2232 quae
1123 2200 1169 2221 ut·

347 2273 1710 2292 -ῂ-Ὴ

414 2361 475 2413 (1)
506 2367 610 2401 Haud
639 2368 708 2401 scio
744 2380 786 2401 an
815 2367 1007 2401 dicendum
1041 2367 1292 2403 Machelonico
1324 2372 1493 2416 quoniam
1532 2373 1708 2407 Arrianus

356 2422 514 2470 (peripl.
542 2424 704 2469 Euxin.)
729 2424 966 2459 Machelones
985 2426 1135 2470 populo>-¹
1161 2428 1311 2461 colzocat
1342 2428 1377 2460 in
1408 2430 1591 2471 Colchide,
1613 2442 1705 2476 quae

357 2482 466 2526 vulgo
487 2481 644 2517 creditur
663 2482 761 2515 sedes
784 2483 1016 2516 Amazonum.
1050 2484 1184 2516 Tamen
1209 2493 1243 2516 et
1278 2483 1520 2533 Machetegos
1551 2488 1705 2532 populos

357 2537 434 2570 fere
458 2546 537 2583 post
557 2539 786 2573 Oxidrancen
807 2539 990 2584 regionem
1007 2540 1136 2573 videsis
1167 2540 1203 2573 iu
1226 2541 1427 2575 Ptolemaei
1453 2543 1559 2578 Asiae
1583 2545 1702 2577 tabula

357 2604 431 2627 vu.
463 2596 502 2628 C.
533 2595 567 2628 b.
