1752 3116
93 325 272 359 Itinerarii

54 382 191 416 Auctor
205 384 272 416 ha-

55 446 174 471 ctenus
211 440 268 472 in-

54 503 179 528 certus.

289 209 316 233 x
323 209 399 232 VIII
843 196 1078 233 EDITORIS

374 303 451 343 VI.
486 304 625 342 Unius
656 302 792 342 adhuc
824 303 930 341 mihi
963 304 1113 358 capitis
1149 303 1355 357 reliquam
1379 302 1462 343 feci
1497 306 1634 344 vesti-

289 361 527 416 gationem,
560 361 751 414 quisnam
776 359 834 397 sit
858 358 1061 398 videlicet
1088 361 1214 398 huius
1240 361 1459 399 Itinerarii
1485 371 1632 400 auctor

288 432 413 470 quem
446 417 646 455 hactenus
675 418 943 467 Anonymum
971 417 1227 471 nuncupavi.
1289 417 1471 455 Primum
1498 417 1631 474 igitur

286 473 442 512 indicia
471 473 672 527 quaedam
707 487 938 527 exponam,
969 473 1125 526 quihus
1153 474 1189 510 si
1216 472 1347 520 fidas,
1376 473 1479 511 Iulii
1506 475 1632 513 Vale-

283 531 339 567 rii
365 544 472 585 opus
497 531 742 568 existimes:
773 540 863 567 tum
886 528 1026 567 eadem
1049 528 1246 568 refutabo
1262 557 1275 578 ‚
1305 530 1517 582 telamque
1541 545 1630 568 om-

281 601 377 625 nem
402 589 458 625 ita
478 597 668 624 retexam
689 597 739 625 ut
758 587 882 641 plane
905 587 1236 625 controversiam
1262 588 1307 624 in
1334 585 1475 624 medio
1499 586 1630 624 relin-

283 659 421 698 quam.
466 643 516 680 In
543 642 686 682 codice
711 642 883 698 quidem
912 642 1178 681 ambrosiano
1200 653 1299 697 post
1323 643 1501 681 tertium
1523 642 1628 680 Iulii

281 700 441 739 Yalerii
479 699 658 749 libr-um,
689 700 805 739 nullo
831 699 969 737 limite
1002 699 1195 753 spatiove
1231 700 1518 753 interposito,
1549 699 1629 736 im-

280 771 346 795 mo
368 757 514 794 effidem
538 755 764 810 mediaque
789 757 834 795 in
855 756 1010 812 pagiua
1037 770 1208 810 unoque
1229 771 1358 794 versu
1381 755 1629 794 scribuntur

279 814 403 851 haec:
443 829 634 852 EXPLICIT
676 830 820 854 oniTvs
864 828 1109 852 ALEXANDRI
1150 828 1304 852 1NC1P1'1·
1344 827 1629 852 ITINERARIVM

276 886 467 909 ETVSDEM.
528 872 634 908 Tum
668 870 807 924 ipsum
843 871 1119 923 consequitur
1140 868 1432 908 Itium-arium.
1489 869 1628 922 Quem

276 927 411 965 locum
432 925 594 965 videsis
629 927 675 964 in
697 927 930 981 specimine
965 926 1121 965 codicis
1155 925 1270 980 quod
1304 940 1399 964 aere
1434 925 1629 964 inciden-

277 983 375 1021 dum
399 984 557 1022 curav—i.
605 982 666 1021 Ea
684 982 814 1022 facies
836 982 993 1022 codicis
1026 993 1069 1020 et
1101 998 1149 1021 ea
1175 982 1306 1022 verba
1336 982 1531 1036 quemvis
1565 980 1626 1021 fa-

275 1040 353 1079 cile
376 1041 420 1077 in
446 1055 532 1077 eam
560 1041 809 1094 opinionem
830 1040 1103 1095 pertrahant,
1134 1050 1182 1078 ut
1208 1050 1438 1094 utrumque
1470 1053 1575 1093 opus
1603 1052 1626 1076 a

273 1096 386 1134 Iulio
413 1097 582 1136 Valerio
616 1111 660 1134 se
692 1096 848 1135 habere
895 1096 1144 1135 arbitretur.
1196 1097 1416 1135 Praeterea
1447 1093 1622 1134 Carolus

275 1152 459 1208 Cangius
489 1153 533 1190 in
557 1154 761 1209 glossario
794 1153 958 1191 mediae
998 1163 1041 1190 et
1066 1153 1234 1191 infimae
1259 1154 1501 1209 graecitatis
1528 1166 1622 1191 voc.

273 1220 440 1260 ἐρςλλως
461 1208 553 1246 10εο
579 1208 759 1263 quodam
779 1207 1068 1256 Callisthenis,
1098 1219 1146 1246 ut
1173 1211 1266 1262 ipse
1292 1210 1368 1257 ait,
1397 1208 1624 1263 producto,

272 1268 371 1306 haec
403 1264 543 1303 addit:
595 1273 796 1319 Aesopus
843 1268 1031 1307 eiusdem
1069 1267 1356 1307 Callisthenis
1393 1271 1627 1319 interpres,

270 1331 347 1382 qni
381 1335 426 1365 ec
465 1327 704 1365 versionem
750 1339 872 1363 suam
911 1324 1173 1364 Constantio
1216 1325 1503 1364 Constantini
1539 1326 1622 1364 ·M·

259 1385 368 1443 filio
399 1383 590 1427 dicavit,
631 1383 855 1421 tamarisci
888 1383 1063 1433 virgam
1095 1382 1252 1423 vertit.
1310 1378 1504 1417 Iamvero
1534 1378 1622 1416 nisi

273 1449 317 1476 et
339 1436 474 1474 Iulius
502 1435 696 1475 Valerius
723 1450 832 1489 opus
854 1449 976 1473 suum
1005 1434 1260 1473 Constantio
1287 1435 1447 1474 dicavit
1475 1433 1622 1488 (quod

272 1508 390 1532 secus
426 1493 656 1547 videtur),
704 1492 900 1546 sequitur
932 1501 982 1529 ut
1014 1490 1198 1548 Gangius
1232 1492 1417 1529 codicem
1460 1491 1619 1530 viderit

271 1550 538 1590 ambrosiano
567 1550 763 1594 similem,
795 1550 841 1586 in
865 1563 950 1602 quo
974 1549 1250 1586 Itinerarium
1276 1547 1528 1586 Constantio
1553 1547 1619 1586 di-

270 1618 405 1647 catum
445 1606 784 1663 coniungebatur
821 1620 914 1644 cum
949 1606 1123 1659 Aesopo
1158 1618 1234 1642 seu
1264 1605 1378 1644 Iulio
1418 1604 1616 1652 Valerio3

270 1664 466 1717 idemque
509 1664 844 1710 existumaverit,
881 1673 1110 1716 utrumque
1159 1675 1266 1715 opus
1310 1661 1360 1700 ad
1399 1662 1618 1715 Aesopum

271 1722 458 1774 (rectius
483 1720 533 1759 ad
555 1719 714 1757 Iulium
729 1719 975 1774 Valerium)
1010 1733 1103 1756 esse
1128 1718 1414 1757 referendum.
1469 1720 1611 1771 Quare

268 1778 320 1815 de
343 1777 494 1833 (langii
521 1776 694 1831 quidem
722 1777 937 1814 sententia
958 1776 1177 1829 Itffierarii
1204 1790 1352 1829 parens
1388 1773 1612 1813 videretur

267 1833 380 1872 idem
418 1835 492 1887 qui
535 1834 679 1888 operis
718 1835 764 1871 in
804 1831 948 1872 codice
991 1831 1307 1887 praecedentis,
1350 1845 1527 1885 nempe,
1568 1840 1619 1868 ut

265 1905 344 1929 nos
377 1885 624 1940 sci-ibimus,
665 1889 802 1928 Iulius
828 1890 1040 1928 Valerius.
1101 1889 1306 1944 Denique
1338 1899 1381 1927 et
1413 1887 1615 1926 Claudius

266 1947 511 1987 Chiffletius
550 1949 593 1985 in
616 1948 706 1986 vita
730 1947 941 1986 Ammiani
964 1946 1208 1986 R‘Iarcellini
1241 1947 1325 1994 ait,
1382 1945 1480 1984 huic
1513 1958 1617 1996 syn-

265 2007 467 2044 chronum
495 2005 630 2044 fuisse
655 2004 812 2042 Iulium
836 2004 1069 2043 Valerium.
1129 2003 1249 2041 Unde
1281 2003 1324 2040 id
1354 2016 1483 2057 porro
1515 2015 1616 2056 cog-

264 2063 388 2102 novit
413 2060 690 2101 chiffletius?
743 2061 845 2099 Non
878 2060 1047 2100 aliunde
1083 2070 1232 2114 putem
1267 2075 1390 2113 quam
1420 2073 1473 2096 ex
1500 2058 1612 2096 lecto

265 2118 409 2158 codice
442 2118 544 2157 Iulii
570 2118 732 2158 Valerii
767 2133 860 2156 cum
892 2117 1038 2156 addito
1075 2117 1301 2155 ltinerario
1343 2113 1612 2170 (cuiusmodi

264 2175 450 2215 codicem
474 2175 602 2214 hahet
637 2174 901 2214 bibliotheca
930 2174 1223 2228 ambrosiana)
1257 2190 1307 2212 ex
1335 2174 1454 2211 cuius
1476 2171 1611 2209 Itine-

264 2233 366 2272 rarii
406 2231 551 2286 (quod
575 2233 676 2269 item
701 2232 804 2270 Iulii
835 2231 993 2271 Valerii
1021 2230 1257 2284 iudicavit)
1294 2230 1514 2284 prooemio
1542 2241 1612 2266 ae-

262 2299 392 2327 tatem
411 2289 515 2327 Iulii
540 2288 700 2327 Valerii
738 2288 969 2345 collegerit.
1023 2287 1238 2325 Sedenim
1272 2287 1386 2326 hisce
1418 2286 1508 2323 sive
1545 2285 1612 2322 in-

264 2346 388 2385 diciis
417 2348 506 2385 sive
537 2347 796 2402 argumentis
824 2359 900 2402 ego
933 2346 1150 2383 enimvero
1174 2345 1392 2382 levissime
1418 2354 1607 2381 moveor.

261 2403 317 2444 Et
341 2403 455 2457 quod
482 2404 651 2457 quidem
680 2402 729 2441 :ul
752 2402 845 2442 codi
961 2401 1272 2440 ambrosianum
1292 2401 1470 2448 adtinet,
1503 2412 1609 2452 quo-

259 2461 371 2498 niam
399 2463 442 2499 in
475 2461 608 2498 altero
637 2474 765 2514 opere
794 2459 843 2498 ad
867 2473 916 2498 cu
940 2473 1073 2512 usque
1103 2458 1203 2496 libri
1233 2467 1358 2512 caput
1390 2466 1432 2494 et
1459 2455 1610 2493 calcem

258 2532 414 2556 nomen
439 2517 542 2555 Iulii
573 2518 734 2556 Valerii
760 2527 947 2556 accurate
971 2515 1278 2570 perscribitur,
1311 2516 1354 2553 iu
1379 2511 1606 2550 Itinerario

258 2590 343 2614 non
389 2577 518 2625 item,
576 2573 733 2614 idcirco
773 2573 1020 2616 vehementi
1057 2570 1329 2611 dubitatione
1364 2569 1608 2616 deterreor,
