1752 3116
345 188 366 226 3
374 192 395 225 2
816 193 1211 234 ITINERARIVM

345 301 508 348 div-incl
554 302 750 351 fortuna
786 307 867 352 vix
913 319 1074 352 tamen
1114 306 1367 367 profundo
1415 325 1514 355 sese
1545 309 1688 354 vultu

343 386 492 432 modo
538 387 681 433 liberi
735 389 1036 452 dexterisque
1084 390 1386 436 emersissent
1416 390 1468 423 (α)
1517 402 1689 437 mutuo

344 470 814 525 ad1niniculabundi;
863 489 980 517 mox
1023 473 1088 518 eis
1133 484 1233 516 erat
1278 484 1471 518 scutum
1506 475 1690 525 levare,

343 554 441 598 tela
477 554 848 600 imminentium
887 554 1089 600 fundere
1113 549 1181 607 (ᾖ),
1217 568 1475 617 praerupta
1509 555 1693 601 littoris

345 638 660 698 conplanare,
716 637 908 683 trudere
953 637 1248 685 infestantes.
1318 643 1449 684 Tum
1492 637 1696 699 quisque

345 732 560 765 evaserat
592 720 753 781 prior,
808 721 914 766 vim
950 737 1139 775 cavere,
1188 732 1440 783 sequentes
1476 719 1692 772 educere,

344 804 536 849 ordines
570 816 753 849 struere
787 802 1053 850 laborabat.

124 916 327 955 Periculum
444 891 592 934 XXII.
629 887 750 934 Satis
775 898 935 932 tamen
959 899 1167 941 constat,
1205 887 1285 932 hic
1312 903 1507 950 quoque
1540 885 1696 933 laudis

108 962 560 1035 Alexandri-palmam
612 987 756 1034 penes
801 987 964 1034 regem
1015 970 1176 1016 fuisse.
1246 970 1471 1035 Dirigens
1518 969 1699 1031 quippe

344 1054 617 1105 Alexander
652 1067 762 1100 ante
811 1054 968 1100 omnis
997 1070 1156 1099 cornu
1189 1052 1417 1098 dextrum
1451 1051 1700 1099 scandens-

346 1156 440 1201 que
472 1139 612 1183 littus
649 1136 870 1191 obviam,
919 1153 1031 1182 cum
1067 1137 1119 1180 in
1168 1153 1267 1182 sese
1303 1135 1445 1182 duces
1481 1135 1700 1182 hostium

347 1221 620 1272 excivisset,
665 1219 934 1263 ferventius
977 1219 1109 1263 bello
1145 1236 1282 1272 usus,
1321 1218 1534 1280 dampno
1570 1217 1702 1262 111111·-

345 1303 442 1349 tiae
476 1299 857 1364 periclitabatur.
925 1304 1150 1362 Namque
1193 1300 1281 1346 ubi
1317 1301 1362 1346 ei
1398 1301 1533 1346 hasta
1566 1315 1703 1362 prae-

346 1386 497 1432 fracta
528 1397 622 1439 est,
661 1384 780 1430 dum
815 1385 1187 1446 circumspectat
1213 1401 1323 1430 suos
1361 1383 1577 1444 dumque
1603 1382 1700 1428 sibi

344 1471 487 1535 porgi
522 1469 567 1501 (Β)
603 1469 750 1514 aliam
795 1468 944 1529 petit,
991 1467 1197 1512 irruenti
1254 1465 1558 1519 Mithridati,
1614 1466 1700 1527 qui

346 1571 491 1618 gener
526 1553 678 1599 Dario
714 1552 814 1616 regi
859 1563 982 1604 erat,
1029 1550 1181 1594 telum
1230 1548 1363 1609 quod
1399 1549 1585 1610 accepit
1630 1549 1703 1593 in-

346 1637 502 1683 torsit.
551 1641 656 1699 Quo
705 1636 928 1698 protinus
974 1644 1151 1686 strato,
1201 1635 1351 1678 etiam
1398 1645 1517 1679 tunc
1553 1645 1602 1679 et
1646 1633 1701 1678 in

347 1723 465 1767 haec
500 1721 691 1766 intento
728 1736 753 1764 a
795 1731 929 1783 tergo
976 1717 1254 1779 supervolat
1288 1716 1590 1777 Spyriclates,
1640 1716 1698 1761 li·

348 1804 666 1864 braveratque
708 1803 809 1848 iarn
857 1802 1100 1847 acinacem
1142 1812 1254 1861 post
1291 1799 1478 1862 galeam
1514 1815 1701 1844 caesam

347 1886 607 1933 brachium
642 1886 868 1932 bellantis
908 1883 1170 1932 Alexandri
1197 1883 1460 1945 petituru33
1508 1883 1563 1927 ni
1593 1882 1699 1929 viso

349 1971 500 2017 Clitus
537 1970 588 2015 id
623 1970 802 2015 faceret
837 1968 969 2030 quod
1003 1967 1295 2013 minabatur.
1368 1955 1372 1959 ’

202 2081 331 2116 Victo-
447 2058 620 2103 XXIII,
666 2054 748 2098 Eis
793 2052 962 2106 caesis,
1011 2051 1169 2097 aditus
1212 2049 1508 2096 bellantibus
1558 2047 1697 2095 datus

110 2141 164 2174 ¹4³
208 2141 331 2173 Mace-
348 2151 398 2186 et
457 2136 654 2183 virtutis
719 2137 999 2198 exemplum
1063 2136 1261 2197 reliquis
1316 2132 1695 2195 insequentibus,

112 2197 257 2233 donum.
681 2220 690 2229 .
897 2219 904 2227 .
1279 2218 1288 2225 .
1356 2218 1364 2226 .
1585 2216 1595 2225 .

347 2223 456 2272 Nec
486 2220 539 2253 (ά)
583 2220 791 2282 demque
836 2219 932 2264 fult
971 2235 1107 2265 mora
1142 2229 1393 2270 transitui,
1441 2218 1631 2278 proelio
1655 2215 1702 2248 (θ)

381 2382 433 2413 (α)
481 2380 525 2408 od
568 2376 628 2409 Ubi
647 2378 728 2406 ordo
752 2378 876 2414 quippe
895 2382 941 2405 cot
957 2373 1047 2404 alvei
1070 2371 1204 2402 milibus
1226 2370 1372 2401 obse-neus
1396 2372 1544 2400 armatis
1569 2373 1699 2401 incerta

347 2428 406 2459 sub
435 2428 496 2458 soli
521 2428 630 2457 validi
654 2427 792 2456 divinae
809 2426 955 2461 fortuna
979 2427 1036 2453 vir
1063 2432 1177 2452 tamen
1200 2422 1371 2460 profundo
1399 2431 1466 2451 sese
1491 2421 1581 2451 vultu
1605 2421 1701 2452 liber-i

348 2480 575 2520 idexeerisque
597 2481 818 2507 emersissent.
863 2473 908 2508 (h)
929 2478 979 2503 lta
1003 2473 1079 2502 cod.
1107 2473 1164 2502 sed
1186 2472 1326 2501 videtur
1349 2472 1569 2501 scribendum
1592 2480 1702 2501 retun-

349 2529 448 2563 dere,
472 2536 527 2558 aut
553 2529 623 2557 cela
645 2530 679 2557 ιή
705 2528 917 2557 imminentes
932 2524 1095 2560 fundere.
1140 2523 1186 2556 (c)
1210 2525 1261 2552 lta
1286 2523 1362 2553 cod.
1384 2524 1494 2562 pergi.
1535 2522 1588 2556 (d)
1614 2522 1699 2552 cod.

346 2577 442 2609 haec.
481 2581 528 2613 (e)
552 2578 634 2608 cod.
661 2587 746 2617 quae
766 2576 904 2615 proelio.
